
% two hero recommendation systems
@inproceedings{summerville2017reco,
author = {Summerville, Adam and Cook, Michael and	Steenhuisen, Ben},
booktitle = {Proceedings of the 12th AAAI Conference on Artificial Intelligence and Interactive Digital Entertainment (AIIDE)},
title = {{Draft-analysis of the Ancients: predicting draft picks in DotA 2 using machine learning}},
year = {2016}
}

@inproceedings{hanke2017reco,
author = {Hanke, Lucas and Chaimowicz, Luiz},
booktitle = {Proceedings of the 13th AAAI Conference on Artificial Intelligence and Interactive Digital Entertainment (AIIDE)},
title = {{A recommender system for hero line-ups in MOBA games}},
year = {2017}
}


% team 
@inproceedings{kim2016proficiency,
  title={The Proficiency-Congruency Dilemma: Virtual Team Design and Performance in Multiplayer Online Games},
  author={Kim, Jooyeon and Keegan, Brian C and Park, Sungjoon and Oh, Alice},
  booktitle={Proceedings of the 2016 CHI Conference on Human Factors in Computing Systems},
  pages={4351--4365},
  year={2016},
  organization={ACM}
}

@inproceedings{neidhardt2015team,
  title={Team vs. team: success factors in a Multiplayer Online Battle Arena game},
  author={Neidhardt, Julia and Huang, Yun and Contractor, Noshir},
  booktitle={Academy of Management Proceedings},
  volume={2015},
  number={1},
  pages={18725},
  year={2015},
  organization={Academy of Management}
}

@inproceedings{pobie1,
author = {Pobiedina, Nataliia and Neidhardt, Julia and {Calatrava Moreno}, Maria del Carmen and Grad-Gyenge, Laszlo and Werthner, Hannes},
booktitle = {2013 IEEE 15th Conference on Business Informatics},
pages = {55--62},
publisher = {IEEE},
title = {{On Successful Team Formation: Statistical Analysis of a Multiplayer Online Game}},
url = {http://ieeexplore.ieee.org/articleDetails.jsp?arnumber=6642858},
year = {2013}
}

@inproceedings{pobie2,
  title={Ranking factors of team success},
  author={Pobiedina, Nataliia and Neidhardt, Julia and Calatrava Moreno, Maria del Carmen and Werthner, Hannes},
  booktitle={Proceedings of the 22nd international conference on World Wide Web companion},
  pages={1185--1194},
  year={2013},
  organization={International World Wide Web Conferences Steering Committee}
}

@incollection{Semenov2016,
author = {Semenov, Aleksandr and Romov, Peter and Korolev, Sergey and Yashkov, Daniil and Neklyudov, Kirill},
booktitle = {Analysis of Images, Social Networks and Texts},
pages = {26--37},
publisher = {Springer},
title = {{Performance of Machine Learning Algorithms in Predicting Game Outcome from Drafts in Dota 2}},
year = {2016}
}


% match outcome prediction
@article{conley2013does,
  title={How does he saw me? A Recommendation Engine for Picking Heroes in Dota 2},
  author={Conley, Kevin and Perry, Daniel},
  journal={Np, nd Web},
  volume={7},
  year={2013}
}

% skill
@inproceedings{Yang:identifying,
	author = {Yang, Pu and Brent, Harrison and Roberts, David L},
	booktitle = {Proceedings of Foundations of Digital Games (FDG)},
	title = {{Identifying patterns in combat that are predictive of success in MOBA games}},
	year = {2014}
}

@inproceedings{Drachen:skill,
author = {Drachen, Anders and Yancey, Matthew and Maguire, John and Chu, Derrek and Wang, Iris Yuhui and Mahlmann, Tobias and Schubert, Matthias and Klabajan, Diego},
booktitle = {2014 IEEE Games Media Entertainment},
month = oct,
pages = {1--8},
publisher = {IEEE},
shorttitle = {Games Media Entertainment (GEM), 2014 IEEE},
title = {{Skill-based differences in spatio-temporal team behaviour in defence of the Ancients 2 (DotA 2)}},
year = {2014}
}


% dota pick order
@misc{dotapickorder,
author={Gamepedia},
title = {DOTA 2 wiki - game modes},
howpublished = {\url{https://dota2.gamepedia.com/Game_modes}},
year = {2018},
note="{Online; accessed May, 2018}"
}