@article{silver2016mastering,
  title={Mastering the game of Go with deep neural networks and tree search},
  author={Silver, David and Huang, Aja and Maddison, Chris J and Guez, Arthur and Sifre, Laurent and Van Den Driessche, George and Schrittwieser, Julian and Antonoglou, Ioannis and Panneershelvam, Veda and Lanctot, Marc and others},
  journal={Nature},
  volume={529},
  number={7587},
  pages={484--489},
  year={2016},
  publisher={Nature Research}
}

@article{silver2017mastering,
  title={Mastering the game of go without human knowledge},
  author={Silver, David and Schrittwieser, Julian and Simonyan, Karen and Antonoglou, Ioannis and Huang, Aja and Guez, Arthur and Hubert, Thomas and Baker, Lucas and Lai, Matthew and Bolton, Adrian and others},
  journal={Nature},
  volume={550},
  number={7676},
  pages={354},
  year={2017},
  publisher={Nature Publishing Group}
}

@inproceedings{santos2017monte,
  title={Monte Carlo tree search experiments in hearthstone},
  author={Santos, Andr{\'e} and Santos, Pedro A and Melo, Francisco S},
  booktitle={Computational Intelligence and Games (CIG)},
  pages={272--279},
  year={2017},
  organization={IEEE}
}

% definition of a game
% Game Theory and Nash Equilibrium
% https://www.lakeheadu.ca/sites/default/files/uploads/77/images/Duffy%20Jenny.pdf


% pure MCTS converges to optimal play (as k tends to infinity) in board filling games with random turn order, for instance in Hex with random turn order
% may not be relevant
@article{peres2007random,
  title={Random-turn hex and other selection games},
  author={Peres, Yuval and Schramm, Oded and Sheffield, Scott and Wilson, David B},
  journal={American Mathematical Monthly},
  volume={114},
  number={5},
  pages={373--387},
  year={2007},
  publisher={Mathematical Association of America}
}

% the survey paper
@article{browne2012survey,
  title={A survey of monte carlo tree search methods},
  author={Browne, Cameron B and Powley, Edward and Whitehouse, Daniel and Lucas, Simon M and Cowling, Peter I and Rohlfshagen, Philipp and Tavener, Stephen and Perez, Diego and Samothrakis, Spyridon and Colton, Simon},
  journal={IEEE Transactions on Computational Intelligence and AI in Games},
  volume={4},
  number={1},
  pages={1--43},
  year={2012},
  publisher={IEEE}
}

% plain MCTS, or pure Monte Carlo Game Search
@inproceedings{coulom2006efficient,
  title={Efficient selectivity and backup operators in Monte-Carlo tree search},
  author={Coulom, R{\'e}mi},
  booktitle={International conference on computers and games},
  pages={72--83},
  year={2006},
  organization={Springer}
}

% UCT
@inproceedings{kocsis2006bandit,
  title={Bandit based monte-carlo planning},
  author={Kocsis, Levente and Szepesv{\'a}ri, Csaba},
  booktitle={European Conference on Machine Learning},
  pages={282--293},
  year={2006},
  organization={Springer}
}

%UCT proof
@article{kocsis2006improved,
  title={Improved monte-carlo search},
  author={Kocsis, Levente and Szepesv{\'a}ri, Csaba and Willemson, Jan},
  journal={Univ. Tartu, Estonia, Tech. Rep},
  volume={1},
  year={2006}
}

% Minimax optimal
@article{knuth1975analysis,
  title={An analysis of alpha-beta pruning},
  author={Knuth, Donald E and Moore, Ronald W},
  journal={Artificial intelligence},
  volume={6},
  number={4},
  pages={293--326},
  year={1975},
  publisher={Elsevier}
}

% UCT applied in RTS
@inproceedings{balla2009uct,
  title={UCT for tactical assault planning in real-time strategy games},
  author={Balla, Radha-Krishna and Fern, Alan},
  booktitle={Proceedings of the 21th International Joint Conference on Artificial Intelligence (IJCAI)},
  pages={40--45},
  year={2009}
}

% UCT applied in general game playing
@inproceedings{finnsson2008simulation,
  title={Simulation-based approach to general game playing},
  author={Finnsson, Hilmar and Bj{\"o}rnsson, Yngvi},
  year={2008},
  booktitle={Proceedings of the 23rd National Conference on Artificial Intelligence (AAAI)}
}

%game theory
@book{myerson2013game,
  title={Game theory},
  author={Myerson, Roger B},
  year={2013},
  publisher={Harvard university press}
}


% UCB1
@article{auer2002finite,
  title={Finite-time analysis of the multiarmed bandit problem},
  author={Auer, Peter and Cesa-Bianchi, Nicolo and Fischer, Paul},
  journal={Machine learning},
  volume={47},
  number={2-3},
  pages={235--256},
  year={2002},
  publisher={Springer}
}


% extending UCT with prior knowledge
@inproceedings{chaslot2009adding,
  title={Adding expert knowledge and exploration in Monte-Carlo Tree Search},
  author={Chaslot, Guillaume and Fiter, Christophe and Hoock, Jean-Baptiste and Rimmel, Arpad and Teytaud, Olivier},
  booktitle={Advances in Computer Games},
  pages={1--13},
  year={2009},
  organization={Springer}
}

@inproceedings{gelly2007combining,
  title={Combining online and offline knowledge in UCT},
  author={Gelly, Sylvain and Silver, David},
  booktitle={Proceedings of the 24th International Conference on Machine Learning (ICML)},
  pages={273--280},
  year={2007},
  organization={ACM}
}

@inproceedings{nguyen2014bootstrapping,
 author = {Nguyen, Truong-Huy Dinh and Silander, Tomi and Lee, Wee-Sun and Leong, Tze-Yun},
 title = {Bootstrapping simulation-based algorithms with a suboptimal policy},
 booktitle = {Proceedings of the 24th International Conference on Automated Planning and Scheduling},
 series = {ICAPS'14},
 year = {2014},
 isbn = {978-1-57735-660-8},
 location = {Portsmouth, New Hampshire, USA},
 pages = {181--189},
 numpages = {9},
 acmid = {3038816},
 publisher = {AAAI Press},
} 


% real world sport draft
@article{staw1995sunk,
  title={Sunk costs in the NBA: Why draft order affects playing time and survival in professional basketball},
  author={Staw, Barry M and Hoang, Ha},
  journal={Administrative Science Quarterly},
  pages={474--494},
  year={1995},
  publisher={JSTOR}
}