
% churn
@incollection{bernhaupt2010user,
  title={User experience evaluation in entertainment},
  author={Bernhaupt, Regina},
  booktitle={Eva@article{watkins1992q,
  title={Q-learning},
  author={Watkins, Christopher JCH and Dayan, Peter},
  journal={Machine learning},
  volume={8},
  number={3-4},
  pages={279--292},
  year={1992},
  publisher={Springer}
}
luating User Experience in Games},
  pages={3--7},
  year={2010},
  publisher={Springer}
}

@inproceedings{yoon2010prediction,
title = {Prediction of Advertiser Churn for {Google AdWords}},
author  = {Sangho Yoon and Jim Koehler and Adam Ghobarah},
year  = 2010,
booktitle = {the Joint Statistical Meetings (JSM) Proceedings}
}

@inproceedings{morik2004analysing,
  title={Analysing customer churn in insurance data--a case study},
  author={Morik, Katharina and K{\"o}pcke, Hanna},
  booktitle={European Conference on Principles of Data Mining and Knowledge Discovery},
  pages={325--336},
  year={2004},
  organization={Springer}
}

@inproceedings{ferreira2004data,
  title={Data Mining Techniques on the Evaluation of Wireless Churn.},
  author={Ferreira, Jorge and Vellasco, Marley BR and Pacheco, Marco Aur{\'e}lio Cavalcanti and Carlos, R and Barbosa, Hall},
  booktitle={European Symposium on Artificial Neural Networks, Computational Intelligence and Machine Learning (ESANN)},
  pages={483--488},
  year={2004}
}

@inproceedings{weber2011modeling,
  title={Modeling Player Retention in {Madden NFL} 11.},
  author={Weber, Ben George and John, Michael and Mateas, Michael and Jhala, Arnav},
  booktitle={Innovative Applications of Artificial Intelligence (IAAI)},
  year={2011}
}

@inproceedings{hadiji2014predicting,
  title={Predicting player churn in the wild},
  author={Hadiji, Fabian and Sifa, Rafet and Drachen, Anders and Thurau, Christian and Kersting, Kristian and Bauckhage, Christian},
  booktitle={IEEE Conference on Computational Intelligence and Games (CIG)},
  pages={1--8},
  year={2014},
  organization={IEEE}
}

@inproceedings{harrison2012players,
  title={When Players Quit (Playing Scrabble).},
  author={Harrison, Brent E and Roberts, David L},
  booktitle={AIIDE},
  year={2012}
}

@inproceedings{runge2014churn,
  title={Churn prediction for high-value players in casual social games},
  author={Runge, Julian and Gao, Peng and Garcin, Florent and Faltings, Boi},
  booktitle={IEEE Conference on Computational Intelligence and Games},
  pages={1--8},
  year={2014},
  organization={IEEE}
}

@article{sifa2015predicting,
  title={Predicting purchase decisions in mobile free-to-play games},
  author={Sifa, Rafet and Hadiji, Fabian and Runge, Julian and Drachen, Anders and Kersting, Kristian and Bauckhage, Christian},
  journal={Proc. of AAAI AIIDE},
  year={2015}
}

@inproceedings{xie2015predicting,
  title={Predicting player disengagement and first purchase with event-frequency based data representation},
  author={Xie, Hanting and Devlin, Sam and Kudenko, Daniel and Cowling, Peter},
  booktitle={Computational Intelligence and Games (CIG), 2015 IEEE Conference on},
  pages={230--237},
  year={2015},
  organization={IEEE}
}
