% game overview
@misc{lol_fanbase,
author={Mike Minotti},
title = {Comparing MOBAs: League of Legends vs. Dota 2 vs. Smite vs. Heroes of the Storm},
howpublished = {\url{http://venturebeat.com/2015/07/15/comparing-mobas-league-of-legends-vs-dota-2-vs-smite-vs-heroes-of-the-storm/}},
note="{Online; accessed May, 2016}",
year={2015}
}

@misc{lol_27million,
author={Paul Tassi},
title = {Riot's 'League of Legends' reveals astonishing 27 million daily players, 67 million monthly},
howpublished = {\url{http://www.forbes.com/sites/insertcoin/2014/01/27/riots-league-of-legends-reveals-astonishing-27-million-daily-players-67-million-monthly/\#26ff8e543511}},
note="{Online; accessed May, 2016}",
year={2016}
}

% game for different areas
% aesthetic appreciation
@incollection{jarvinen2008understanding,
  title={Understanding video games as emotional experiences},
  author={J{\"a}rvinen, Aki},
  booktitle={The Video Game Theory Reader 2},
  pages={107--130},
  year={2008},
  publisher={Routledge}
}

%health
@article{shiyko2016effects,
  title={Effects of playing a serious computer game on body mass index and nutrition knowledge in women},
  author={Shiyko, Mariya and Hallinan, Sean and El-Nasr, Magy Seif and Subramanian, Shree and Castaneda-Sceppa, Carmen},
  journal={JMIR serious games},
  volume={4},
  number={1},
  year={2016},
  publisher={JMIR Publications Inc.}
}

% socialization
@article{ferguson2013friends,
  title={Friends, fun, frustration and fantasy: Child motivations for video game play},
  author={Ferguson, Christopher J and Olson, Cheryl K},
  journal={Motivation and Emotion},
  volume={37},
  number={1},
  pages={154--164},
  year={2013},
  publisher={Springer}
}

% scientific learning
@article{cooper2013increasing,
  title={Increasing public involvement in structural biology},
  author={Cooper, Seth and Khatib, Firas and Baker, David},
  journal={Structure},
  volume={21},
  number={9},
  pages={1482--1484},
  year={2013},
  publisher={Elsevier}
}

% difficulty is one of top 5 reasons to quit games
@inproceedings{dayyani2011golden,
  title={The Golden Rules and the Blue Ocean Strategy of the Next Generation Innovative MMOG and Computer Game Environment Design},
  author={Dayyani, Basel},
  booktitle={Proceedings of the 7th European Conference on Management Leadership and Governance: ECGBL 2011},
  pages={114},
  year={2011},
  organization={Academic Conferences Limited}
}

% today's video game market
@misc{today_video_game_market,
author={Emma McDonald},
title = {{The Global Games Market Will Reach \$108.9 Billion In 2017 With Mobile Taking 42\%}},
howpublished = {\url{https://newzoo.com/insights/articles/the-global-games-market-will-reach-108-9-billion-in-2017-with-mobile-taking-42/}},
year={2017},
note="{Online; accessed Sep, 2017}"
}

@misc{mariosale,
author={GameCubicle},
title = {{Mario sales data}},
howpublished = {\url{http://www.gamecubicle.com/features-mario-units_sold_sales.htm}},
note="{Online; accessed May, 2017}",
year={2017}
}

@misc{pokemongo,
author={Polygon},
title = {{Pok\'{e}mon Go has been downloaded 500 million times}},
howpublished = {\url{https://www.polygon.com/pokemon-go/2016/9/7/12836898/pokemon-go-downloads-500-million}},
note="{Online; accessed May, 2017}",
year={2017}
}

@misc{superdata2016,
author={SuperData},
title = {{eSports market brief: US accounts for almost half of total viewership.}},
howpublished = {\url{https://www.superdataresearch.com/blog/esports-brief/}},
note="{Online; accessed Mar, 2016}",
year={2016}
}

@misc{superdata2017,
author={SuperData},
title = {{Esports Market Report: Courtsideâ€”Playmakers of 2017}},
howpublished = {\url{https://www.superdataresearch.com/market-data/esports-market-report/}},
note="{Online; accessed Aug, 2018}",
year={2017}
}


% game research is difficult
@article{coavoux2016we,
  title={What We Know About Games A Scientometric Approach to Game Studies in the 2000s},
  author={Coavoux, Samuel and Boutet, Manuel and Zabban, Vinciane},
  journal={Games and Culture},
  pages={1555412016676661},
  year={2016},
  publisher={SAGE Publications}
}

% this is the questionnaire often asked to players
@article{brockmyer2009development,
  title={The development of the Game Engagement Questionnaire: A measure of engagement in video game-playing},
  author={Brockmyer, Jeanne H and Fox, Christine M and Curtiss, Kathleen A and McBroom, Evan and Burkhart, Kimberly M and Pidruzny, Jacquelyn N},
  journal={Journal of Experimental Social Psychology},
  volume={45},
  number={4},
  pages={624--634},
  year={2009},
  publisher={Elsevier}
}

% ccg popular
@misc{hearthstonepopular,
author={Lazarides, Tasos},
title = {Hearthstone: Heroes of Warcraft has more than 40 million registered players},
howpublished = {\url{http://toucharcade.com/2016/02/11/hearthstone-heroes-of-warcraft-has-more-than-40-million-registered-players/}},
note="{Online; accessed May, 2017}",
year={2017}
}

@misc{guinnessmagic,
author={Guinness World Record},
title = {Most played trading card game},
howpublished = {\url{http://www.guinnessworldrecords.com/world-records/most-played-trading-card-game/}},
note="{Online; accessed Feb, 2018}"
}



% player modeling overview
@InCollection{yannakakis_player_modeling,
  author =	{Georgios N. Yannakakis and Pieter Spronck and Daniele Loiacono and Elisabeth Andr{\'e}},
  title =	{{Player Modeling}},
  booktitle =	{Artificial and Computational Intelligence in Games},
  pages =	{45--59},
  series =	{Dagstuhl Follow-Ups},
  ISBN =	{978-3-939897-62-0},
  ISSN =	{1868-8977},
  year =	{2013},
  volume =	{6},
  editor =	{Simon M. Lucas and Michael Mateas and Mike Preuss and Pieter Spronck and Julian Togelius},
  publisher =	{Schloss Dagstuhl--Leibniz-Zentrum fuer Informatik},
  address =	{Dagstuhl, Germany},
  URL =		{http://drops.dagstuhl.de/opus/volltexte/2013/4335},
  URN =		{urn:nbn:de:0030-drops-43351},
  doi =		{10.4230/DFU.Vol6.12191.45},
  annote =	{Keywords: User modeling, Computer Games, Computational and Artificial Intelligence, Affective Computing}
}

@inproceedings{drachen2009player,
  title={Player modeling using self-organization in Tomb Raider: Underworld},
  author={Drachen, Anders and Canossa, Alessandro and Yannakakis, Georgios N},
  booktitle={Computational Intelligence and Games, 2009. CIG 2009. IEEE Symposium on},
  pages={1--8},
  year={2009},
  organization={IEEE}
}



% player & user experience
@article{hassenzahl2006user,
  title={User experience-a research agenda},
  author={Hassenzahl, Marc and Tractinsky, Noam},
  journal={Behaviour \& information technology},
  volume={25},
  number={2},
  pages={91--97},
  year={2006},
  publisher={Taylor \& Francis}
}

@article{dis20099241,
  title={9241-210: 2010. Ergonomics of human system interaction-Part 210: Human-centred design for interactive systems},
  author={DIS, ISO},
  journal={International Standardization Organization (ISO). Switzerland},
  year={2009}
}

@inproceedings{nacke2011towards,
  title={Towards a framework of player experience research},
  author={Nacke, Lennart and Drachen, Anders},
  booktitle={Proceedings of the second international workshop on evaluating player experience in games at FDG},
  volume={11},
  year={2011}
}

@book{salen2004rules,
  title={Rules of play: Game design fundamentals},
  author={Salen, Katie and Zimmerman, Eric},
  year={2004},
  publisher={MIT press}
}

@book{bateman200521st,
  title={21st Century Game Design (Game Development Series)},
  author={Bateman, Chris and Boon, Richard},
  year={2005},
  publisher={Charles River Media, Inc.}
}

@book{isbister2015game,
  title={Game usability: Advancing the player experience},
  author={Isbister, Katherine and Schaffer, Noah},
  year={2015},
  publisher={CRC Press}
}

@book{juul2011half,
  title={Half-real: Video games between real rules and fictional worlds},
  author={Juul, Jesper},
  year={2011},
  publisher={MIT press}
}








% some epirical player experience or modeling research
@inproceedings{weber2011using,
  title={Using data mining to model player experience},
  author={Weber, Ben G and Mateas, Michael and Jhala, Arnav},
  year={2011}
}

@inproceedings{drachen2010correlation,
  title={Correlation between heart rate, electrodermal activity and player experience in first-person shooter games},
  author={Drachen, Anders and Nacke, Lennart E and Yannakakis, Georgios and Pedersen, Anja Lee},
  booktitle={Proceedings of the 5th ACM SIGGRAPH Symposium on Video Games},
  pages={49--54},
  year={2010},
  organization={ACM}
}

% player exerience in pacman
@article{yannakakis2007towards,
  title={Towards optimizing entertainment in computer games},
  author={Yannakakis, Georgios N and Hallam, John},
  journal={Applied Artificial Intelligence},
  volume={21},
  number={10},
  pages={933--971},
  year={2007},
  publisher={Taylor \& Francis}
}

% player experience in mario
@inproceedings{pedersen2009modeling,
  title={Modeling player experience in super mario bros},
  author={Pedersen, Chris and Togelius, Julian and Yannakakis, Georgios N},
  booktitle={Computational Intelligence and Games, 2009. CIG 2009. IEEE Symposium on},
  pages={132--139},
  year={2009},
  organization={IEEE}
}








% player engagement theory
@article{lazzaro2004we,
  title={Why we play games: Four keys to more emotion without story},
  author={Lazzaro, Nicole},
  year={2004}
}

@article{chen2007flow,
  title={Flow in games (and everything else)},
  author={Chen, Jenova},
  journal={Communications of the ACM},
  volume={50},
  number={4},
  pages={31--34},
  year={2007},
  publisher={ACM}
}

@article{flow1990psychology,
  title={Flow: the psychology of optimal experience},
  author={Mihaly, Csikszentmihalyi},
  journal={Harper Perennial, New York},
  year={1990}
}

@article{sweetser2005gameflow,
  title={GameFlow: a model for evaluating player enjoyment in games},
  author={Sweetser, Penelope and Wyeth, Peta},
  journal={Computers in Entertainment (CIE)},
  volume={3},
  number={3},
  pages={3--3},
  year={2005},
  publisher={ACM}
}

% use and gratification
@article{sherry2006video,
  title={Video game uses and gratifications as predictors of use and game preference},
  author={Sherry, John L and Lucas, Kristen and Greenberg, Bradley S and Lachlan, Ken},
  journal={Playing video games: Motives, responses, and consequences},
  volume={24},
  pages={213--224},
  year={2006}
}

@article{wu2010falling,
  title={Falling in love with online games: The uses and gratifications perspective},
  author={Wu, Jen-Her and Wang, Shu-Ching and Tsai, Ho-Huang},
  journal={Computers in Human Behavior},
  volume={26},
  number={6},
  pages={1862--1871},
  year={2010},
  publisher={Elsevier}
}

% yee's two papers
@article{yee2006motivations,
  title={Motivations for play in online games},
  author={Yee, Nick},
  journal={CyberPsychology \& behavior},
  volume={9},
  number={6},
  pages={772--775},
  year={2006},
  publisher={Mary Ann Liebert, Inc. 2 Madison Avenue Larchmont, NY 10538 USA}
}

@article{yee2006demographics,
  title={The demographics, motivations, and derived experiences of users of massively multi-user online graphical environments},
  author={Yee, Nick},
  journal={Presence: Teleoperators and virtual environments},
  volume={15},
  number={3},
  pages={309--329},
  year={2006},
  publisher={MIT Press}
}

% two papers by ryan on self determination theory
@article{przybylski2010motivational,
  title={A motivational model of video game engagement.},
  author={Przybylski, Andrew K and Rigby, C Scott and Ryan, Richard M},
  journal={Review of general psychology},
  volume={14},
  number={2},
  pages={154},
  year={2010},
  publisher={Educational Publishing Foundation}
}

@article{ryan2006motivational,
  title={The motivational pull of video games: A self-determination theory approach},
  author={Ryan, Richard M and Rigby, C Scott and Przybylski, Andrew},
  journal={Motivation and emotion},
  volume={30},
  number={4},
  pages={344--360},
  year={2006},
  publisher={Springer}
}

% their self-determination theory citation
@article{deci2000and,
  title={The" what" and" why" of goal pursuits: Human needs and the self-determination of behavior},
  author={Deci, Edward L and Ryan, Richard M},
  journal={Psychological inquiry},
  volume={11},
  number={4},
  pages={227--268},
  year={2000},
  publisher={Taylor \& Francis}
}

@article{ryan2000intrinsic,
  title={Intrinsic and extrinsic motivations: Classic definitions and new directions},
  author={Ryan, Richard M and Deci, Edward L},
  journal={Contemporary educational psychology},
  volume={25},
  number={1},
  pages={54--67},
  year={2000},
  publisher={Elsevier}
}

@article{ryan2000self,
  title={Self-determination theory and the facilitation of intrinsic motivation, social development, and well-being.},
  author={Ryan, Richard M and Deci, Edward L},
  journal={American psychologist},
  volume={55},
  number={1},
  pages={68},
  year={2000},
  publisher={American Psychological Association}
}

% self determination theory competence
@book{deci1985intrinsic,
  title={Intrinsic motivation and self-determination in human behavior},
  author={Deci, Edward and Ryan, Richard M},
  year={1985},
  publisher={Springer Science \& Business Media}
}

@article{white1959motivation,
  title={Motivation reconsidered: The concept of competence.},
  author={White, Robert W},
  journal={Psychological review},
  volume={66},
  number={5},
  pages={297},
  year={1959},
  publisher={American Psychological Association}
}


% presence
@article{lombard1997heart,
  title={At the heart of it all: The concept of presence},
  author={Lombard, Matthew and Ditton, Theresa},
  journal={Journal of Computer-Mediated Communication},
  volume={3},
  number={2},
  pages={0--0},
  year={1997},
  publisher={Wiley Online Library}
}

@article{tamborini2006role,
  title={The role of presence in the experience of electronic games},
  author={Tamborini, Ron and Skalski, Paul},
  journal={Playing video games: Motives, responses, and consequences},
  pages={225--240},
  year={2006}
}


% immersion
@article{mcmahan2003immersion,
  title={Immersion, Engagement, and Presence: A method for Analysing 3-D Video Games The video game theory reader'},
  author={McMahan, A},
  journal={The video game theory reader, Routledge, New York, NY, US},
  year={2003}
}

@inproceedings{brown2004grounded,
  title={A grounded investigation of game immersion},
  author={Brown, Emily and Cairns, Paul},
  booktitle={CHI'04 extended abstracts on Human factors in computing systems},
  pages={1297--1300},
  year={2004},
  organization={ACM}
}

@article{jennett2008measuring,
  title={Measuring and defining the experience of immersion in games},
  author={Jennett, Charlene and Cox, Anna L and Cairns, Paul and Dhoparee, Samira and Epps, Andrew and Tijs, Tim and Walton, Alison},
  journal={International journal of human-computer studies},
  volume={66},
  number={9},
  pages={641--661},
  year={2008},
  publisher={Elsevier}
}

@article{ermi2005fundamental,
  title={Fundamental components of the gameplay experience: Analysing immersion},
  author={Ermi, Laura and M{\"a}yr{\"a}, Frans},
  journal={Worlds in play: International perspectives on digital games research},
  volume={37},
  number={2},
  year={2005}
}

% pleasure
@inproceedings{costello2009tool,
  title={A tool for characterizing the experience of play},
  author={Costello, Brigid and Edmonds, Ernest},
  booktitle={Proceedings of the Sixth Australasian Conference on Interactive Entertainment},
  pages={2},
  year={2009},
  organization={ACM}
}

% enjoyment
@inproceedings{klimmt2003dimensions,
  title={Dimensions and determinants of the enjoyment of playing digital games: A three-level model},
  author={Klimmt, Christoph},
  booktitle={Level up: Digital games research conference},
  pages={246--257},
  year={2003}
}

@article{ravaja2007fun,
  title={The Fun of Gaming: Measuring the Human Experience of Media Enjoyment},
  author={Ravaja, N and Nacke, L and Lindley, C and others},
  journal={European Commission},
  year={2007}
}

% ravaja2007fun is included in 
@article{poels2007d3,
  title={Game Experience Questionnaire: development of a self-report measure to assess the psychological impact of digital games},
  author={Poels, Karolien and De Kort, YAW and IJsselsteijn, Wijnand A},
  year={2007},
  publisher={Technische Universiteit Eindhoven}
}

% fun
@book{koster2013theory,
  title={Theory of fun for game design},
  author={Koster, Raph},
  year={2013},
  publisher={" O'Reilly Media, Inc."}
}

% usability and playability
@article{federoff2003improving,
  title={Improving games with user testing: Getting better data earlier},
  author={Federoff, M},
  journal={Game developer},
  volume={10},
  number={6},
  pages={34--40},
  year={2003}
}

@phdthesis{federoff2002heuristics,
  title={Heuristics and usability guidelines for the creation and evaluation of fun in video games},
  author={Federoff, Melissa A},
  year={2002},
  school={Citeseer}
}

@inproceedings{desurvire2004using,
  title={Using heuristics to evaluate the playability of games},
  author={Desurvire, Heather and Caplan, Martin and Toth, Jozsef A},
  booktitle={CHI'04 extended abstracts on Human factors in computing systems},
  pages={1509--1512},
  year={2004},
  organization={ACM}
}

@inproceedings{nacke2009playability,
  title={Playability and player experience research},
  author={Nacke, Lennart and Drachen, Anders and Kuikkaniemi, Kai and Niesenhaus, Joerg and Korhonen, Hannu J and Hoogen, Wouter M and Poels, Karolien and IJsselsteijn, Wijnand A and De Kort, Yvonne AW},
  booktitle={Proceedings of DiGRA 2009: Breaking New Ground: Innovation in Games, Play, Practice and Theory},
  year={2009},
  organization={DiGRA}
}

% bartle's four types of players
@article{bartle1996hearts,
  title={Hearts, clubs, diamonds, spades: Players who suit MUDs},
  author={Bartle, Richard},
  journal={Journal of MUD research},
  volume={1},
  number={1},
  pages={19},
  year={1996}
}

% glitch may cause disengagement
@inproceedings{cheung2014first,
  title={The first hour experience: how the initial play can engage (or lose) new players},
  author={Cheung, Gifford K and Zimmermann, Thomas and Nagappan, Nachiappan},
  booktitle={Proceedings of the first ACM SIGCHI annual symposium on Computer-human interaction in play},
  pages={57--66},
  year={2014},
  organization={ACM}
}



% player engagement survey1
@inproceedings{schoenau2011player,
  title={The player engagement process--an exploration of continuation desire in digital games},
  author={Schoenau-Fog, Henrik},
  booktitle={Think Design Play: Digital Games Research Conference},
  year={2011}
}

% player engagement survey2
@article{boyle2012engagement,
  title={Engagement in digital entertainment games: A systematic review},
  author={Boyle, Elizabeth A and Connolly, Thomas M and Hainey, Thomas and Boyle, James M},
  journal={Computers in Human Behavior},
  volume={28},
  number={3},
  pages={771--780},
  year={2012},
  publisher={Elsevier}
}

% player engagement survey  3
@article{choi2004people,
  title={Why people continue to play online games: In search of critical design factors to increase customer loyalty to online contents},
  author={Choi, Dongseong and Kim, Jinwoo},
  journal={CyberPsychology \& behavior},
  volume={7},
  number={1},
  pages={11--24},
  year={2004},
  publisher={Mary Ann Liebert, Inc.}
}




% toxic behavior
@inproceedings{kwak2015exploring,
  title={Exploring cyberbullying and other toxic behavior in team competition online games},
  author={Kwak, Haewoon and Blackburn, Jeremy and Han, Seungyeop},
  booktitle={Proceedings of the 33rd Annual ACM Conference on Human Factors in Computing Systems},
  pages={3739--3748},
  year={2015},
  organization={ACM}
}

@inproceedings{shores2014identification,
  title={The identification of deviance and its impact on retention in a multiplayer game},
  author={Shores, Kenneth B and He, Yilin and Swanenburg, Kristina L and Kraut, Robert and Riedl, John},
  booktitle={Proceedings of the 17th ACM conference on Computer supported cooperative work \& social computing},
  pages={1356--1365},
  year={2014},
  organization={ACM}
}

@inproceedings{kou2013regulating,
  title={Regulating anti-social behavior on the Internet: The example of League of Legends},
  author={Kou, Yubo and Nardi, Bonnie},
  year={2013},
  booktitle={Proceedings of the 2013 iConference},
  publisher={iSchools}
}


% difficulty adjustment
@inproceedings{hunicke2005case,
  title={The case for dynamic difficulty adjustment in games},
  author={Hunicke, Robin},
  booktitle={Proceedings of the 2005 ACM SIGCHI International Conference on Advances in computer entertainment technology},
  pages={429--433},
  year={2005},
  organization={ACM}
}

@inproceedings{xue2017dynamic,
  title={Dynamic Difficulty Adjustment for Maximized Engagement in Digital Games},
  author={Xue, Su and Wu, Meng and Kolen, John and Aghdaie, Navid and Zaman, Kazi A},
  booktitle={Proceedings of the 26th International Conference on World Wide Web Companion},
  pages={465--471},
  year={2017},
  organization={International World Wide Web Conferences Steering Committee}
}

@inproceedings{andrade2005extending,
  title={Extending reinforcement learning to provide dynamic game balancing},
  author={Andrade, Gustavo and Ramalho, Geber and Santana, Hugo and Corruble, Vincent},
  booktitle={Proceedings of the Workshop on Reasoning, Representation, and Learning in Computer Games, 19th International Joint Conference on Artificial Intelligence (IJCAI)},
  pages={7--12},
  year={2005}
}

@inproceedings{togelius2007towards,
  title={Towards automatic personalised content creation for racing games},
  author={Togelius, Julian and De Nardi, Renzo and Lucas, Simon M},
  booktitle={Computational Intelligence and Games, 2007. CIG 2007. IEEE Symposium on},
  pages={252--259},
  year={2007},
  organization={IEEE}
}



% style adjustment
@inproceedings{thue2007interactive,
  title={Interactive Storytelling: A Player Modelling Approach.},
  author={Thue, David and Bulitko, Vadim and Spetch, Marcia and Wasylishen, Eric},
  booktitle={AIIDE},
  pages={43--48},
  year={2007}
}

@inproceedings{magerko2008intelligent,
  title={Intelligent adaptation of digital game-based learning},
  author={Magerko, Brian and Heeter, Carrie and Fitzgerald, Joe and Medler, Ben},
  booktitle={Proceedings of the 2008 Conference on Future Play: Research, Play, Share},
  pages={200--203},
  year={2008},
  organization={ACM}
}


% emotion based
@inproceedings{booth2009ai,
  title={The ai systems of left 4 dead},
  author={Booth, Michael},
  booktitle={Keynote, Fifth Artificial Intelligence and Interactive Digital Entertainment Conference (AIIDE09)},
  year={2009}
}

@article{yannakakis2010towards,
  title={Towards affective camera control in games},
  author={Yannakakis, Georgios N and Mart{\'\i}nez, H{\'e}ctor P and Jhala, Arnav},
  journal={User Modeling and User-Adapted Interaction},
  volume={20},
  number={4},
  pages={313--340},
  year={2010},
  publisher={Springer}
}


% avatar meet self representation
@article{lin2014avatar,
  title={Avatar creation in virtual worlds: Behaviors and motivations},
  author={Lin, Hsin and Wang, Hua},
  journal={Computers in Human Behavior},
  volume={34},
  pages={213--218},
  year={2014},
  publisher={Elsevier}
}


% friend ship recommendation
@inproceedings{xie2010potential,
  title={Potential friend recommendation in online social network},
  author={Xie, Xing},
  booktitle={Green Computing and Communications (GreenCom), 2010 IEEE/ACM Int'l Conference on \& Int'l Conference on Cyber, Physical and Social Computing (CPSCom)},
  pages={831--835},
  year={2010},
  organization={IEEE}
}

@incollection{kazienko2006recommendation,
  title={Recommendation framework for online social networks},
  author={Kazienko, Przemys{\l}aw and Musia{\l}, Katarzyna},
  booktitle={Advances in Web Intelligence and Data Mining},
  pages={111--120},
  year={2006},
  publisher={Springer}
}



% personalization indeed improves user experience in other online services
@misc{janrain,
author={Janrain},
title = {{2013 Online Personal Experience}},
howpublished = {\url{http://janrain.com/about/newsroom/press-releases/online-consumers-fed-up-with-irrelevant-content-on-favorite-websites-according-to-janrain-study/}},
note="{Online; accessed May, 2017}"
}


@misc{aberdeen,
author={Aberdeen Group},
title = {{Email Marketing: Get Personal With Your Customers}},
howpublished = {\url{http://www.aberdeen.com/research/4904/ra-email-marketing/content.aspx}},
note="{Online; accessed May, 2017}"
}


% in-match recommendation
% item
@inproceedings{hastings2009evolving,
  title={Evolving content in the galactic arms race video game},
  author={Hastings, Erin J and Guha, Ratan K and Stanley, Kenneth O},
  booktitle={Computational Intelligence and Games, 2009. CIG 2009. IEEE Symposium on},
  pages={241--248},
  year={2009},
  organization={IEEE}
}

% strategy
@inproceedings{weber2009data,
  title={A data mining approach to strategy prediction},
  author={Weber, Ben G and Mateas, Michael},
  booktitle={Computational Intelligence and Games, 2009. CIG 2009. IEEE Symposium on},
  pages={140--147},
  year={2009},
  organization={IEEE}
}

% hint
@article{cunha2014rtsmate,
  title={Rtsmate: Towards an advice system for rts games},
  author={Cunha, Renato Luiz De Freitas and Machado, Marlos C and Chaimowicz, Luiz},
  journal={Computers in Entertainment (CIE)},
  volume={12},
  number={1},
  pages={1},
  year={2014},
  publisher={ACM}
}


% pcg procedural content generation
@article{togelius2011search,
  title={Search-based procedural content generation: A taxonomy and survey},
  author={Togelius, Julian and Yannakakis, Georgios N and Stanley, Kenneth O and Browne, Cameron},
  journal={IEEE Transactions on Computational Intelligence and AI in Games},
  volume={3},
  number={3},
  pages={172--186},
  year={2011},
  publisher={IEEE}
}

@article{yannakakis2011experience,
  title={Experience-driven procedural content generation},
  author={Yannakakis, Georgios N and Togelius, Julian},
  journal={IEEE Transactions on Affective Computing},
  volume={2},
  number={3},
  pages={147--161},
  year={2011},
  publisher={IEEE}
}

% recommendation 
@incollection{medler2011using,
  title={Using recommendation systems to adapt gameplay},
  author={Medler, Ben},
  booktitle={Discoveries in gaming and computer-mediated simulations: New interdisciplinary applications},
  pages={64--77},
  year={2011},
  publisher={IGI Global}
}

% personalized adaption
@inproceedings{bakkes2012personalised,
  title={Personalised gaming: a motivation and overview of literature},
  author={Bakkes, Sander and Tan, Chek Tien and Pisan, Yusuf},
  booktitle={Proceedings of the 8th Australasian Conference on Interactive Entertainment: Playing the System},
  pages={4},
  year={2012},
  organization={ACM}
}

% what constitute a game
@article{ralph2015toward,
  title={Toward a unified theory of digital games},
  author={Ralph, Paul and Monu, Kafui},
  journal={The Computer Games Journal},
  volume={4},
  number={1-2},
  pages={81--100},
  year={2015},
  publisher={Springer}
}

% what is match-based game
@inproceedings{guo2012analysis,
  title={An analysis of online match-based games},
  author={Guo, Yong and Shen, Siqi and Visser, Otto and Iosup, Alexandru},
  booktitle={Haptic Audio Visual Environments and Games (HAVE), 2012 IEEE International Workshop on},
  pages={134--139},
  year={2012},
  organization={IEEE}
}






