
% skill model, matchmaking
@article{graepel2006ranking,
author = {Graepel, Thore and Herbrich, Ralf},
journal = {Game Developer Magazine},
pages = {34},
title = {{Ranking and matchmaking}},
volume = {25},
year = {2006}
}

@article{bradley1952rank,
author = {Bradley, Ralph Allan and Terry, Milton E},
journal = {Biometrika},
number = {3/4},
pages = {324--345},
publisher = {JSTOR},
title = {{Rank analysis of incomplete block designs: I. The method of paired comparisons}},
volume = {39},
year = {1952}
}

@book{agresti2011categorical,
author = {Agresti, Alan and Kateri, Maria},
publisher = {Springer},
title = {{Categorical data analysis}},
year = {2011}
}

@inproceedings{suznjevic2015application,
author = {Suznjevic, Mirko and Matijasevic, Maja and Konfic, Jelena},
booktitle = {International Workshop on Network and Systems Support for Games (NetGames)},
organization = {IEEE},
pages = {1--6},
title = {{Application context based algorithm for player skill evaluation in MOBA games}},
year = {2015}
}

@inproceedings{di2009skill,
  title={Skill rating by Bayesian inference},
  author={Di Fatta, Giuseppe and Haworth, Guy McC and Regan, Kenneth W},
  booktitle={IEEE Symposium on Computational Intelligence and Data Mining (CIDM)},
  pages={89--94},
  year={2009},
  organization={IEEE}
}



@incollection{myslak2014developing,
author = {My\'{s}lak, Mateusz and Deja, Dominik},
booktitle = {Social Informatics},
pages = {200--208},
publisher = {Springer},
title = {{Developing game-structure sensitive matchmaking system for massive-multiplayer online games}},
year = {2014}
}

@inproceedings{jimenez2011matchmaking,
  title={Matchmaking and case-based recommendations},
  author={Jim{\'e}nez-Rodr{\i}guez, Jorge and Jim{\'e}nez-D{\i}az, Guillermo and D{\i}az-Agudo, Bel{\'e}n},
  booktitle = {19th International Conference on Case Based Reasoning},
  year={2011}
}

@incollection{Yannakakis2013,
author = {Yannakakis, Georgios and Spronck, Pieter and Loiacono, Daniele and Andr{\'{e}}, Elisabeth},
booktitle = {Artificial and Computational Intelligence in Games},
doi = {10.4230/DFU.Vol6.12191.45},
file = {:home/czxttkl/Downloads/pm{\_}submitted{\_}final.pdf:pdf},
pages = {45--59},
title = {Player modeling},
url = {http://dblp.uni-trier.de/db/conf/dagstuhl/dfu6.html{\#}YannakakisSLA13},
year = {2013}
}

@inproceedings{agarwal2009matchmaking,
author = {Agarwal, Sharad and Lorch, Jacob R},
booktitle = {ACM SIGCOMM Computer Communication Review},
number = {4},
organization = {ACM},
pages = {315--326},
title = {{Matchmaking for online games and other latency-sensitive P2P systems}},
volume = {39},
year = {2009}
}

@inproceedings{lee2008measurement,
author = {Lee, Youngki and Agarwal, Sharad and Butcher, Chris and Padhye, Jitu},
booktitle = {International Conference on Passive and Active Network Measurement},
organization = {Springer},
pages = {41--50},
title = {{Measurement and estimation of network QoS among peer Xbox 360 game players}},
year = {2008}
}

@inproceedings{manweiler2011switchboard,
author = {Manweiler, Justin and Agarwal, Sharad and Zhang, Ming and {Roy Choudhury}, Romit and Bahl, Paramvir},
booktitle = {Proceedings of the 9th International Conference on Mobile Systems, Applications, and Services},
organization = {ACM},
pages = {71--84},
title = {{Switchboard: a matchmaking system for multiplayer mobile games}},
year = {2011}
}

@article{Delalleau2012,
author = {Delalleau, Olivier and Contal, Emile and Thibodeau-Laufer, Eric and Ferrari, Raul Chandias and Bengio, Yoshua and Zhang, Frank},
issn = {1943-068X},
journal = {IEEE Transactions on Computational Intelligence and AI in Games},
keywords = {Computational modeling,Computer architecture,First-person shooters (FPSs),Games,Ghost Recon Online,Prediction algorithms,Predictive models,Training,Ubisoft,Vectors,advanced matchmaking,adversarial multiplayer games,computer games,game balance,match quality,matchmaking,neural nets,neural networks,online games,personal preferences,player behavior,player satisfaction,single-skill value,skill rating,team-focused first-person shooter},
number = {3},
pages = {167--177},
shorttitle = {IEEE Transactions on Computational Intelligence an},
title = {{Beyond Skill Rating: Advanced Matchmaking in Ghost Recon Online}},
url = {http://ieeexplore.ieee.org/lpdocs/epic03/wrapper.htm?arnumber=6156756},
volume = {4},
year = {2012}
}



% skill
@article{glickman1999parameter,
author = {Glickman, Mark E},
journal = {Applied Statistics},
pages = {377--394},
publisher = {JSTOR},
title = {{Parameter estimation in large dynamic paired comparison experiments}},
year = {1999}
}

@book{elo1978rating,
author = {Elo, Arpad E},
publisher = {Arco Pub.},
title = {{The rating of chessplayers, past and present}},
year = {1978}
}

@inproceedings{herbrich:trueskill,
  title={Trueskill\texttrademark: A Bayesian skill rating system},
  author={Herbrich, Ralf and Minka, Tom and Graepel, Thore},
  booktitle={Advances in Neural Information Processing Systems},
  pages={569--576},
  year={2006}
}
