% recommender system
@article{bobadilla2013recommender,
  title={Recommender systems survey},
  author={Bobadilla, Jes{\'u}s and Ortega, Fernando and Hernando, Antonio and Guti{\'e}rrez, Abraham},
  journal={Knowledge-based systems},
  volume={46},
  pages={109--132},
  year={2013},
  publisher={Elsevier}
}

@article{isinkaye2015recommendation,
  title={Recommendation systems: Principles, methods and evaluation},
  author={Isinkaye, FO and Folajimi, YO and Ojokoh, BA},
  journal={Egyptian Informatics Journal},
  volume={16},
  number={3},
  pages={261--273},
  year={2015},
  publisher={Elsevier}
}

@article{resnick1997recommender,
  title={Recommender systems},
  author={Resnick, Paul and Varian, Hal R},
  journal={Communications of the ACM},
  volume={40},
  number={3},
  pages={56--58},
  year={1997},
  publisher={ACM}
}

@article{adomavicius2005toward,
  title={Toward the next generation of recommender systems: A survey of the state-of-the-art and possible extensions},
  author={Adomavicius, Gediminas and Tuzhilin, Alexander},
  journal={IEEE transactions on knowledge and data engineering},
  volume={17},
  number={6},
  pages={734--749},
  year={2005},
  publisher={IEEE}
}

@article{amatriain2012netflix,
  title={Netflix recommendations: beyond the 5 stars (part 1)},
  author={Amatriain, Xavier and Basilico, Justin},
  journal={Netflix Tech Blog},
  volume={6},
  year={2012}
}

@article{linden2003amazon,
  title={Amazon. com recommendations: Item-to-item collaborative filtering},
  author={Linden, Greg and Smith, Brent and York, Jeremy},
  journal={IEEE Internet computing},
  volume={7},
  number={1},
  pages={76--80},
  year={2003},
  publisher={IEEE}
}

@inproceedings{das2007google,
  title={Google news personalization: scalable online collaborative filtering},
  author={Das, Abhinandan S and Datar, Mayur and Garg, Ashutosh and Rajaram, Shyam},
  booktitle={Proceedings of the 16th international conference on World Wide Web},
  pages={271--280},
  year={2007},
  organization={ACM}
}

@article{pazzani2007content,
  title={Content-based recommendation systems},
  author={Pazzani, Michael and Billsus, Daniel},
  journal={The adaptive web},
  pages={325--341},
  year={2007},
  publisher={Springer}
}

@article{burke2002hybrid,
  title={Hybrid recommender systems: Survey and experiments},
  author={Burke, Robin},
  journal={User modeling and user-adapted interaction},
  volume={12},
  number={4},
  pages={331--370},
  year={2002},
  publisher={Springer}
}

@article{schafer2007collaborative,
  title={Collaborative filtering recommender systems},
  author={Schafer, JHJB and Frankowski, Dan and Herlocker, Jon and Sen, Shilad},
  journal={The adaptive web},
  pages={291--324},
  year={2007},
  publisher={Springer}
}

@article{trewin2000knowledge,
  title={Knowledge-based recommender systems},
  author={Trewin, Shari},
  journal={Encyclopedia of library and information science},
  volume={69},
  number={Supplement 32},
  pages={180},
  year={2000}
}

@inproceedings{sifa2014archetypal,
  title={Archetypal Game Recommender Systems.},
  author={Sifa, Rafet and Bauckhage, Christian and Drachen, Anders},
  booktitle={LWA},
  pages={45--56},
  year={2014}
}

@misc{orland10,
author={Orland, Kyle},
title = {{Valve Launches Game Recommendation Feature For Steam}},
howpublished = {\url{https://www.gamasutra.com/view/news/122261/Valve_Launches_Game_Recommendation_Feature_For_Steam.php}},
year={2010},
note="{Online; accessed Aug, 2018}"
}


% optimization method for parameter learning
@article{tieleman2012lecture,
  title={Lecture 6.5-rmsprop: Divide the gradient by a running average of its recent magnitude},
  author={Tieleman, Tijmen and Hinton, Geoffrey},
  journal={COURSERA: Neural networks for machine learning},
  volume={4},
  number={2},
  pages={26--31},
  year={2012}
}

% bishop book
@book{bishop2006pattern,
  title={Pattern recognition and machine learning},
  author={Bishop, Christopher M},
  year={2006},
  publisher={Springer}
}

% association rules
@inproceedings{agrawal1994fast,
  title={Fast algorithms for mining association rules},
  author={Agrawal, Rakesh and Srikant, Ramakrishnan and others},
  booktitle={Proceedings of the 20th International Conference on Very Large Data Bases (VLDB)},
  volume={1215},
  pages={487--499},
  year={1994}
}

% Gradient Boosting Decision Tree
@article{friedman2001greedy,
  title={Greedy function approximation: a gradient boosting machine},
  author={Friedman, Jerome H},
  journal={Annals of statistics},
  pages={1189--1232},
  year={2001},
  publisher={JSTOR}
}

@article{friedman2000additive,
  title={Additive logistic regression: a statistical view of boosting},
  author={Friedman, Jerome and Hastie, Trevor and Tibshirani, Robert and others},
  journal={Annals of Statistics},
  volume={28},
  number={2},
  pages={337--407},
  year={2000},
  publisher={Institute of Mathematical Statistics}
}
