% recommender system
@article{bobadilla2013recommender,
  title={Recommender systems survey},
  author={Bobadilla, Jes{\'u}s and Ortega, Fernando and Hernando, Antonio and Guti{\'e}rrez, Abraham},
  journal={Knowledge-based systems},
  volume={46},
  pages={109--132},
  year={2013},
  publisher={Elsevier}
}

@article{isinkaye2015recommendation,
  title={Recommendation systems: Principles, methods and evaluation},
  author={Isinkaye, FO and Folajimi, YO and Ojokoh, BA},
  journal={Egyptian Informatics Journal},
  volume={16},
  number={3},
  pages={261--273},
  year={2015},
  publisher={Elsevier}
}

@article{resnick1997recommender,
  title={Recommender systems},
  author={Resnick, Paul and Varian, Hal R},
  journal={Communications of the ACM},
  volume={40},
  number={3},
  pages={56--58},
  year={1997},
  publisher={ACM}
}

@article{adomavicius2005toward,
  title={Toward the next generation of recommender systems: A survey of the state-of-the-art and possible extensions},
  author={Adomavicius, Gediminas and Tuzhilin, Alexander},
  journal={IEEE transactions on knowledge and data engineering},
  volume={17},
  number={6},
  pages={734--749},
  year={2005},
  publisher={IEEE}
}

@article{amatriain2012netflix,
  title={Netflix recommendations: beyond the 5 stars (part 1)},
  author={Amatriain, Xavier and Basilico, Justin},
  journal={Netflix Tech Blog},
  volume={6},
  year={2012}
}

@article{linden2003amazon,
  title={Amazon. com recommendations: Item-to-item collaborative filtering},
  author={Linden, Greg and Smith, Brent and York, Jeremy},
  journal={IEEE Internet computing},
  volume={7},
  number={1},
  pages={76--80},
  year={2003},
  publisher={IEEE}
}

@inproceedings{das2007google,
  title={Google news personalization: scalable online collaborative filtering},
  author={Das, Abhinandan S and Datar, Mayur and Garg, Ashutosh and Rajaram, Shyam},
  booktitle={Proceedings of the 16th international conference on World Wide Web},
  pages={271--280},
  year={2007},
  organization={ACM}
}

@article{pazzani2007content,
  title={Content-based recommendation systems},
  author={Pazzani, Michael and Billsus, Daniel},
  journal={The adaptive web},
  pages={325--341},
  year={2007},
  publisher={Springer}
}

@article{burke2002hybrid,
  title={Hybrid recommender systems: Survey and experiments},
  author={Burke, Robin},
  journal={User modeling and user-adapted interaction},
  volume={12},
  number={4},
  pages={331--370},
  year={2002},
  publisher={Springer}
}

@article{schafer2007collaborative,
  title={Collaborative filtering recommender systems},
  author={Schafer, JHJB and Frankowski, Dan and Herlocker, Jon and Sen, Shilad},
  journal={The adaptive web},
  pages={291--324},
  year={2007},
  publisher={Springer}
}

@article{trewin2000knowledge,
  title={Knowledge-based recommender systems},
  author={Trewin, Shari},
  journal={Encyclopedia of library and information science},
  volume={69},
  number={Supplement 32},
  pages={180},
  year={2000}
}

@inproceedings{sifa2014archetypal,
  title={Archetypal Game Recommender Systems.},
  author={Sifa, Rafet and Bauckhage, Christian and Drachen, Anders},
  booktitle={LWA},
  pages={45--56},
  year={2014}
}

@inproceedings{skocir2012mars,
  title={The MARS--a multi-agent recommendation system for games on mobile phones},
  author={Skocir, Pavle and Marusic, Luka and Marusic, Marinko and Petric, Ana},
  booktitle={KES International Symposium on Agent and Multi-Agent Systems: Technologies and Applications},
  pages={104--113},
  year={2012},
  organization={Springer}
}

@misc{orland10,
author={Orland, Kyle},
title = {{Valve Launches Game Recommendation Feature For Steam}},
howpublished = {\url{https://www.gamasutra.com/view/news/122261/Valve_Launches_Game_Recommendation_Feature_For_Steam.php}},
year={2010},
note="{Online; accessed Aug, 2018}"
}

% the problem of content overload can be reduced
using personalized services thus increasing usersâ€™ satisfaction and offering content
which best suits user preferences.

@article{liang2006personalized,
  title={Personalized content recommendation and user satisfaction: Theoretical synthesis and empirical findings},
  author={Liang, Ting-Peng and Lai, Hung-Jen and Ku, Yi-Cheng},
  journal={Journal of Management Information Systems},
  volume={23},
  number={3},
  pages={45--70},
  year={2006},
  publisher={Taylor \& Francis}
}

@article{kolen2018horizontal,
  title={Horizontal Scaling With A Framework For Providing AI Solutions Within A Game Company},
  author={Kolen, John F and Sardari, Mohsen and Mattar, Marwan and Peterson, Nick and Wu, Meng},
  year={2018}
}

@inproceedings{wu2017recommendation,
  title={Recommendation Applications and Systems at Electronic Arts},
  author={Wu, Meng and Kolen, John and Aghdaie, Navid and Zaman, Kazi A},
  booktitle={Proceedings of the Eleventh ACM Conference on Recommender Systems},
  pages={338--338},
  year={2017},
  organization={ACM}
}