%RL
@article{littman1996algorithms,
  title={Algorithms for sequential decision making},
  author={Littman, Michael Lederman},
  year={1996},
  publisher={Brown University Providence, RI}
}

@article{bellman1957markovian,
  title={A Markovian decision process},
  author={Bellman, Richard},
  journal={Journal of Mathematics and Mechanics},
  pages={679--684},
  year={1957},
  publisher={JSTOR}
}

@book{sutton1998reinforcement,
  title={Reinforcement learning: An introduction},
  author={Sutton, Richard S and Barto, Andrew G},
  volume={1},
  number={1},
  year={1998},
  publisher={MIT press Cambridge}
}

@inproceedings{van2016deep,
  title={Deep Reinforcement Learning with Double Q-Learning.},
  author={Van Hasselt, Hado and Guez, Arthur and Silver, David},
  booktitle={AAAI},
  pages={2094--2100},
  year={2016}
}

@inproceedings{van2013reinforcement,
  title={Reinforcement learning in the game of Othello: learning against a fixed opponent and learning from self-play},
  author={Van Der Ree, Michiel and Wiering, Marco},
  booktitle={Adaptive Dynamic Programming And Reinforcement Learning (ADPRL), 2013 IEEE Symposium on},
  pages={108--115},
  year={2013},
  organization={IEEE}
}

@article{mnih2013playing,
  title={Playing atari with deep reinforcement learning},
  author={Mnih, Volodymyr and Kavukcuoglu, Koray and Silver, David and Graves, Alex and Antonoglou, Ioannis and Wierstra, Daan and Riedmiller, Martin},
  journal={arXiv preprint arXiv:1312.5602},
  year={2013}
}

@article{silver2016mastering,
  title={Mastering the game of Go with deep neural networks and tree search},
  author={Silver, David and Huang, Aja and Maddison, Chris J and Guez, Arthur and Sifre, Laurent and Van Den Driessche, George and Schrittwieser, Julian and Antonoglou, Ioannis and Panneershelvam, Veda and Lanctot, Marc and others},
  journal={Nature},
  volume={529},
  number={7587},
  pages={484--489},
  year={2016},
  publisher={Nature Research}
}

@article{tesauro1995temporal,
  title={Temporal difference learning and TD-Gammon},
  author={Tesauro, Gerald},
  journal={Communications of the ACM},
  volume={38},
  number={3},
  pages={58--68},
  year={1995}
}

@inproceedings{tesauro1992practical,
  title={Practical issues in temporal difference learning},
  author={Tesauro, Gerald},
  booktitle={Advances in neural information processing systems},
  pages={259--266},
  year={1992}
}

@article{watkins1992q,
  title={Q-learning},
  author={Watkins, Christopher JCH and Dayan, Peter},
  journal={Machine learning},
  volume={8},
  number={3-4},
  pages={279--292},
  year={1992},
  publisher={Springer}
}

@inproceedings{mnih2016asynchronous,
  title={Asynchronous methods for deep reinforcement learning},
  author={Mnih, Volodymyr and Badia, Adria Puigdomenech and Mirza, Mehdi and Graves, Alex and Lillicrap, Timothy and Harley, Tim and Silver, David and Kavukcuoglu, Koray},
  booktitle={International Conference on Machine Learning},
  pages={1928--1937},
  year={2016}
}

@book{bertsekas1989parallel,
  title={Parallel and distributed computation: numerical methods},
  author={Bertsekas, Dimitri P and Tsitsiklis, John N},
  volume={23},
  year={1989},
  publisher={Prentice hall Englewood Cliffs, NJ}
}

$ RL transfer learning
@article{taylor2009transfer,
  title={Transfer learning for reinforcement learning domains: A survey},
  author={Taylor, Matthew E and Stone, Peter},
  journal={Journal of Machine Learning Research},
  volume={10},
  number={Jul},
  pages={1633--1685},
  year={2009}
}

% RL sampling
@article{schaul2015prioritized,
  title={Prioritized experience replay},
  author={Schaul, Tom and Quan, John and Antonoglou, Ioannis and Silver, David},
  journal={arXiv preprint arXiv:1511.05952},
  year={2015}
}

@article{narasimhan2015language,
  title={Language understanding for text-based games using deep reinforcement learning},
  author={Narasimhan, Karthik and Kulkarni, Tejas and Barzilay, Regina},
  journal={arXiv preprint arXiv:1506.08941},
  year={2015}
}


% explainable AI. in work to be done section.
@article{gunning2017explainable,
  title={Explainable Artificial Intelligence (XAI)},
  author={Gunning, David},
  journal={Defense Advanced Research Projects Agency (DARPA), nd Web},
  year={2017}
}

@inproceedings{abbeel2004apprenticeship,
  title={Apprenticeship learning via inverse reinforcement learning},
  author={Abbeel, Pieter and Ng, Andrew Y},
  booktitle={Proceedings of the twenty-first international conference on Machine learning},
  pages={1},
  year={2004},
  organization={ACM}
}

@inproceedings{ratliff2006maximum,
  title={Maximum margin planning},
  author={Ratliff, Nathan D and Bagnell, J Andrew and Zinkevich, Martin A},
  booktitle={Proceedings of the 23rd international conference on Machine learning},
  pages={729--736},
  year={2006},
  organization={ACM}
}

@article{muelling2014learning,
  title={Learning strategies in table tennis using inverse reinforcement learning},
  author={Muelling, Katharina and Boularias, Abdeslam and Mohler, Betty and Sch{\"o}lkopf, Bernhard and Peters, Jan},
  journal={Biological cybernetics},
  volume={108},
  number={5},
  pages={603--619},
  year={2014},
  publisher={Springer}
}


@inproceedings{floyd2008case,
  title={A Case-Based Reasoning Approach to Imitating RoboCup Players.},
  author={Floyd, Michael W and Esfandiari, Babak and Lam, Kevin},
  booktitle={FLAIRS Conference},
  pages={251--256},
  year={2008}
}


@inproceedings{sharma2007transfer,
  title={Transfer Learning in Real-Time Strategy Games Using Hybrid CBR/RL.},
  author={Sharma, Manu and Holmes, Michael P and Santamar{\'\i}a, Juan Carlos and Irani, Arya and Isbell Jr, Charles Lee and Ram, Ashwin},
  booktitle={IJCAI},
  volume={7},
  pages={1041--1046},
  year={2007}
}

@inproceedings{gabel2005cbr,
  title={CBR for state value function approximation in reinforcement learning},
  author={Gabel, Thomas and Riedmiller, Martin},
  booktitle={International Conference on Case-Based Reasoning},
  pages={206--221},
  year={2005},
  organization={Springer}
}

@article{dietterich1997explanation,
  title={Explanation-based learning and reinforcement learning: A unified view},
  author={Dietterich, Thomas G and Flann, Nicholas S},
  journal={Machine Learning},
  volume={28},
  number={2-3},
  pages={169--210},
  year={1997},
  publisher={Springer}
}

% explainable AI in game
@inproceedings{yang2013extracting,
  title={Extracting human-readable knowledge rules in complex time-evolving environments},
  author={Yang, Pu and Roberts, David L},
  booktitle={Proceedings of the International Conference on Information and Knowledge Engineering (IKE)},
  pages={1},
  year={2013},
  organization={The Steering Committee of The World Congress in Computer Science, Computer Engineering and Applied Computing (WorldComp)}
}

@inproceedings{yang2013knowledge,
  title={Knowledge discovery for characterizing team success or failure in (a) rts games},
  author={Yang, Pu and Roberts, David L},
  booktitle={Computational Intelligence in Games (CIG), 2013 IEEE Conference on},
  pages={1--8},
  year={2013},
  organization={IEEE}
}

@inproceedings{de2016generating,
  title={Generating heuristics for novice players},
  author={de Mesentier Silva, Fernando and Isaksen, Aaron and Togelius, Julian and Nealen, Andy},
  booktitle={Computational Intelligence and Games (CIG), 2016 IEEE Conference on},
  pages={1--8},
  year={2016},
  organization={IEEE}
}

@article{harrison2017rationalization,
  title={Rationalization: A Neural Machine Translation Approach to Generating Natural Language Explanations},
  author={Harrison, Brent and Ehsan, Upol and Riedl, Mark O},
  journal={arXiv preprint arXiv:1702.07826},
  year={2017}
}


% algorithm selection
@article{smith2009cross,
  title={Cross-disciplinary perspectives on meta-learning for algorithm selection},
  author={Smith-Miles, Kate A},
  journal={ACM Computing Surveys (CSUR)},
  volume={41},
  number={1},
  pages={6},
  year={2009},
  publisher={ACM}
}

@incollection{kotthoff2016algorithm,
  title={Algorithm selection for combinatorial search problems: A survey},
  author={Kotthoff, Lars},
  booktitle={Data Mining and Constraint Programming},
  pages={149--190},
  year={2016},
  publisher={Springer}
}

% meta learning
@article{lemke2015metalearning,
  title={Metalearning: a survey of trends and technologies},
  author={Lemke, Christiane and Budka, Marcin and Gabrys, Bogdan},
  journal={Artificial intelligence review},
  volume={44},
  number={1},
  pages={117--130},
  year={2015},
  publisher={Springer}
}

@book{brazdil2008metalearning,
  title={Metalearning: Applications to data mining},
  author={Brazdil, Pavel and Carrier, Christophe Giraud and Soares, Carlos and Vilalta, Ricardo},
  year={2008},
  publisher={Springer Science \& Business Media}
}

@article{vilalta2002perspective,
  title={A perspective view and survey of meta-learning},
  author={Vilalta, Ricardo and Drissi, Youssef},
  journal={Artificial Intelligence Review},
  volume={18},
  number={2},
  pages={77--95},
  year={2002},
  publisher={Springer}
}

% learning to learn
@book{thrun2012learning,
  title={Learning to learn},
  author={Thrun, Sebastian and Pratt, Lorien},
  year={2012},
  publisher={Springer Science \& Business Media}
}

% zero-one programming
@book{williams2009logic,
  title={Logic and integer programming},
  author={Williams, H Paul},
  volume={130},
  year={2009},
  publisher={Springer}
}

@article{geoffrion1967integer,
  title={Integer programming by implicit enumeration and Balasâ€™ method},
  author={Geoffrion, Arthur M},
  journal={Siam Review},
  volume={9},
  number={2},
  pages={178--190},
  year={1967},
  publisher={SIAM}
}

% black box optimization
@article{costa2014rbfopt,
  title={RBFOpt: an open-source library for black-box optimization with costly function evaluations},
  author={Costa, Alberto and Nannicini, Giacomo},
  year={2014}
}

@article{gutmann2001radial,
  title={A radial basis function method for global optimization},
  author={Gutmann, H-M},
  journal={Journal of global optimization},
  volume={19},
  number={3},
  pages={201--227},
  year={2001},
  publisher={Springer}
}

@article{regis2007improved,
  title={Improved strategies for radial basis function methods for global optimization},
  author={Regis, Rommel G and Shoemaker, Christine A},
  journal={Journal of Global Optimization},
  volume={37},
  number={1},
  pages={113--135},
  year={2007},
  publisher={Springer}
}

@article{regis2007stochastic,
  title={A stochastic radial basis function method for the global optimization of expensive functions},
  author={Regis, Rommel G and Shoemaker, Christine A},
  journal={INFORMS Journal on Computing},
  volume={19},
  number={4},
  pages={497--509},
  year={2007},
  publisher={INFORMS}
}

@article{rios2013derivative,
  title={Derivative-free optimization: a review of algorithms and comparison of software implementations},
  author={Rios, Luis Miguel and Sahinidis, Nikolaos V},
  journal={Journal of Global Optimization},
  volume={56},
  number={3},
  pages={1247--1293},
  year={2013},
  publisher={Springer}
}

@article{nelder1965simplex,
  title={A simplex method for function minimization},
  author={Nelder, John A and Mead, Roger},
  journal={The computer journal},
  volume={7},
  number={4},
  pages={308--313},
  year={1965},
  publisher={Oxford University Press}
}

% random search
@article{bergstra2012random,
  title={Random search for hyper-parameter optimization},
  author={Bergstra, James and Bengio, Yoshua},
  journal={Journal of Machine Learning Research},
  volume={13},
  number={Feb},
  pages={281--305},
  year={2012}
}

% bayesian optimization
@book{rasmussen2006gaussian,
  title={Gaussian processes for machine learning},
  author={Rasmussen, Carl Edward and Williams, Christopher KI},
  volume={1},
  year={2006},
  publisher={MIT press Cambridge}
}

@article{brochu2010tutorial,
  title={A tutorial on Bayesian optimization of expensive cost functions, with application to active user modeling and hierarchical reinforcement learning},
  author={Brochu, Eric and Cora, Vlad M and De Freitas, Nando},
  journal={arXiv preprint arXiv:1012.2599},
  year={2010}
}

% cross entropy
@article{rubinstein1997optimization,
  title={Optimization of computer simulation models with rare events},
  author={Rubinstein, Reuven Y},
  journal={European Journal of Operational Research},
  volume={99},
  number={1},
  pages={89--112},
  year={1997},
  publisher={Elsevier}
}

@article{rubinstein1999cross,
  title={The cross-entropy method for combinatorial and continuous optimization},
  author={Rubinstein, Reuven},
  journal={Methodology and computing in applied probability},
  volume={1},
  number={2},
  pages={127--190},
  year={1999},
  publisher={Springer}
}

@incollection{rubinstein2001combinatorial,
  title={Combinatorial optimization, cross-entropy, ants and rare events},
  author={Rubinstein, Reuven Y},
  booktitle={Stochastic optimization: algorithms and applications},
  pages={303--363},
  year={2001},
  publisher={Springer}
}


% RL in combinatorial search
@article{zhang2000solving,
  title={Solving combinatorial optimization tasks by reinforcement learning: A general methodology applied to resource-constrained scheduling},
  author={Zhang, Wei and Dietterich, Thomas G},
  journal={Journal of Artificial Intelligence Reseach},
  volume={1},
  pages={1--38},
  year={2000}
}

@inproceedings{vinyals2015pointer,
  title={Pointer networks},
  author={Vinyals, Oriol and Fortunato, Meire and Jaitly, Navdeep},
  booktitle={Advances in Neural Information Processing Systems},
  pages={2692--2700},
  year={2015}
}

@inproceedings{dorigo2016ant,
  title={Ant-Q: A reinforcement learning approach to the traveling salesman problem},
  author={Dorigo, Marco and Gambardella, LM},
  booktitle={Proceedings of ML-95, Twelfth Intern. Conf. on Machine Learning},
  pages={252--260},
  year={2016}
}

@article{hansen2016using,
  title={Using Deep Q-Learning to Control Optimization Hyperparameters},
  author={Hansen, Samantha},
  journal={arXiv preprint arXiv:1602.04062},
  year={2016}
}

@article{zoph2016neural,
  title={Neural architecture search with reinforcement learning},
  author={Zoph, Barret and Le, Quoc V},
  journal={arXiv preprint arXiv:1611.01578},
  year={2016}
}

@article{chenlearning,
  title={Learning to Learn without Gradient Descent by Gradient Descent},
  author={Chen, Yutian and Hoffman, Matthew W and Colmenarejo, Sergio G{\'o}mez and Denil, Misha and Lillicrap, Timothy P and Botvinick, Matt and de Freitas, Nando},
  year={2016}
}

@inproceedings{andrychowicz2016learning,
  title={Learning to learn by gradient descent by gradient descent},
  author={Andrychowicz, Marcin and Denil, Misha and Gomez, Sergio and Hoffman, Matthew W and Pfau, David and Schaul, Tom and de Freitas, Nando},
  booktitle={Advances in Neural Information Processing Systems},
  pages={3981--3989},
  year={2016}
}

@article{bello2016neural,
  title={Neural combinatorial optimization with reinforcement learning},
  author={Bello, Irwan and Pham, Hieu and Le, Quoc V and Norouzi, Mohammad and Bengio, Samy},
  journal={arXiv preprint arXiv:1611.09940},
  year={2016}
}

@article{li2017learning,
  title={Learning to Optimize Neural Nets},
  author={Li, Ke and Malik, Jitendra},
  journal={arXiv preprint arXiv:1703.00441},
  year={2017}
}


% evolutionary algorithm general
@book{eiben2003introduction,
  title={Introduction to evolutionary computing},
  author={Eiben, Agoston E and Smith, James E and others},
  volume={53},
  year={2003},
  publisher={Springer}
}

%evolutionary algorithm specifically for optimization
@book{simon2013evolutionary,
  title={Evolutionary optimization algorithms},
  author={Simon, Dan},
  year={2013},
  publisher={John Wiley \& Sons}
}

% genetic algorithms
@book{holland1992adaptation,
  title={Adaptation in natural and artificial systems: an introductory analysis with applications to biology, control, and artificial intelligence},
  author={Holland, John Henry},
  year={1992},
  publisher={MIT press}
}

% simulated annealing
@article{kirkpatrick1983optimization,
  title={Optimization by simulated annealing},
  author={Kirkpatrick, Scott and Gelatt, C Daniel and Vecchi, Mario P and others},
  journal={science},
  volume={220},
  number={4598},
  pages={671--680},
  year={1983},
  publisher={Washington}
}

% Tabu search
@article{glover1986future,
  title={Future paths for integer programming and links to artificial intelligence},
  author={Glover, Fred},
  journal={Computers \& operations research},
  volume={13},
  number={5},
  pages={533--549},
  year={1986},
  publisher={Elsevier}
}


% feature selection (non RL)
@article{chandrashekar2014survey,
  title={A survey on feature selection methods},
  author={Chandrashekar, Girish and Sahin, Ferat},
  journal={Computers \& Electrical Engineering},
  volume={40},
  number={1},
  pages={16--28},
  year={2014},
  publisher={Elsevier}
}

@book{birattari2009tuning,
  title={Tuning metaheuristics: a machine learning perspective},
  author={Birattari, Mauro and Kacprzyk, Janusz},
  volume={197},
  year={2009},
  publisher={Springer}
}

% feature selection (RL)
@inproceedings{gaudel2010feature,
  title={Feature selection as a one-player game},
  author={Gaudel, Romaric and Sebag, Michele},
  booktitle={International Conference on Machine Learning},
  pages={359--366},
  year={2010}
}

@article{fard2013using,
  title={Using reinforcement learning to find an optimal set of features},
  author={Fard, Seyed Mehdi Hazrati and Hamzeh, Ali and Hashemi, Sattar},
  journal={Computers \& Mathematics with Applications},
  volume={66},
  number={10},
  pages={1892--1904},
  year={2013},
  publisher={Elsevier}
}






@inproceedings{garcia2016evolutionary,
  title={Evolutionary deckbuilding in hearthstone},
  author={Garc{\'\i}a-S{\'a}nchez, Pablo and Tonda, Alberto and Squillero, Giovanni and Mora, Antonio and Merelo, Juan J},
  booktitle={Computational Intelligence and Games (CIG), 2016 IEEE Conference on},
  pages={1--8},
  year={2016},
  organization={IEEE}
}

@mastersthesis{bjorke2017deckbuilding,
  title={Deckbuilding in Magic: The Gathering Using a Genetic Algorithm},
  author={Bj{\o}rke, Sverre Johann and Fludal, Knut Aron},
  year={2017},
  school={NTNU}
}


@misc{frankkarsten,
author={Frank Karsten},
title = {{Magic Math - A New Way to Determine an Aggregate Deck List}},
howpublished = {\url{https://www.channelfireball.com/articles/magic-math-a-new-way-to-determine-an-aggregate-deck-list-rg-dragons/}},
note="{Online; accessed May, 2017}"
}

@misc{willfancher,
author={Will Fancher},
title = {{Automatically Generating Magic Decks Using Deck Building Strategies}},
howpublished = {\url{http://elvishjerricco.github.io/2015/09/24/automatically-generating-magic-decks.html}},
note="{Online; accessed May, 2017}"
}


@misc{hearthpwn,
author={HearthPwn.com},
title = {{Hearthstone Deck Builder}},
howpublished = {\url{http://www.hearthpwn.com/deckbuilder}},
note="{Online; accessed May, 2017}",
year={2017},
}

@misc{icyveins,
author={Icy-Veins.com},
title = {{How To Build A Deck in Hearthstone}},
howpublished = {\url{https://www.icy-veins.com/hearthstone/how-to-build-a-deck-in-hearthstone}},
note="{Online; accessed May, 2017}",
year={2016}
}

@inproceedings{stiegler2016hearthstone,
  title={Hearthstone deck-construction with a utility system},
  author={Stiegler, Andreas and Messerschmidt, Claudius and Maucher, Johannes and Dahal, Keshav},
  booktitle={Software, Knowledge, Information Management \& Applications (SKIMA), 2016 10th International Conference on},
  pages={21--28},
  year={2016},
  organization={IEEE}
}

% hearthstone application
@article{cowling2012ensemble,
  title={Ensemble determinization in monte carlo tree search for the imperfect information card game magic: The gathering},
  author={Cowling, Peter I and Ward, Colin D and Powley, Edward J},
  journal={IEEE Transactions on Computational Intelligence and AI in Games},
  volume={4},
  number={4},
  pages={241--257},
  year={2012},
  publisher={IEEE}
}

@inproceedings{santos2017monte,
  title={Monte Carlo tree search experiments in hearthstone},
  author={Santos, Andr{\'e} and Santos, Pedro A and Melo, Francisco S},
  booktitle={Computational Intelligence and Games (CIG)},
  pages={272--279},
  year={2017},
  organization={IEEE}
}

@phdthesis{taralla2015learning,
  title={Learning artificial intelligence in large-scale video games},
  author={Taralla, David},
  year={2015}
}

@article{ham2010rarity,
  title={Rarity and power: balance in collectible object games},
  author={Ham, Ethan},
  year={2010},
  journal={The International Journal of Computer Game Research},
  volume={10},
  number={1}
}

@inproceedings{osborn2013modular,
  title={Modular Computational Critics for Games},
  author={Osborn, Joseph Carter and Grow, April and Mateas, Michael},
  booktitle={Ninth Artificial Intelligence and Interactive Digital Entertainment Conference},
  publisher = {AAAI},
  year={2013}
}

@inproceedings{ling2016latent,
  title={Latent Predictor Networks for Code Generation},
  author={Ling, Wang and Blunsom, Phil and Grefenstette, Edward and Hermann, Karl Moritz and Ko{\v{c}}isk{\`y}, Tom{\'a}{\v{s}} and Wang, Fumin and Senior, Andrew},
  booktitle={Proceedings of the 54th Annual Meeting of the Association for Computational Linguistics (Volume 1: Long Papers)},
  volume={1},
  pages={599--609},
  year={2016}
}















% skill model, matchmaking
@article{graepel2006ranking,
author = {Graepel, Thore and Herbrich, Ralf},
journal = {Game Developer Magazine},
pages = {34},
title = {{Ranking and matchmaking}},
volume = {25},
year = {2006}
}

@article{bradley1952rank,
author = {Bradley, Ralph Allan and Terry, Milton E},
journal = {Biometrika},
number = {3/4},
pages = {324--345},
publisher = {JSTOR},
title = {{Rank analysis of incomplete block designs: I. The method of paired comparisons}},
volume = {39},
year = {1952}
}

@book{agresti2011categorical,
author = {Agresti, Alan and Kateri, Maria},
publisher = {Springer},
title = {{Categorical data analysis}},
year = {2011}
}

@inproceedings{suznjevic2015application,
author = {Suznjevic, Mirko and Matijasevic, Maja and Konfic, Jelena},
booktitle = {International Workshop on Network and Systems Support for Games (NetGames)},
organization = {IEEE},
pages = {1--6},
title = {{Application context based algorithm for player skill evaluation in MOBA games}},
year = {2015}
}

@inproceedings{di2009skill,
  title={Skill rating by Bayesian inference},
  author={Di Fatta, Giuseppe and Haworth, Guy McC and Regan, Kenneth W},
  booktitle={IEEE Symposium on Computational Intelligence and Data Mining (CIDM)},
  pages={89--94},
  year={2009},
  organization={IEEE}
}



@incollection{myslak2014developing,
author = {My\'{s}lak, Mateusz and Deja, Dominik},
booktitle = {Social Informatics},
pages = {200--208},
publisher = {Springer},
title = {{Developing game-structure sensitive matchmaking system for massive-multiplayer online games}},
year = {2014}
}

@inproceedings{jimenez2011matchmaking,
  title={Matchmaking and case-based recommendations},
  author={Jim{\'e}nez-Rodr{\i}guez, Jorge and Jim{\'e}nez-D{\i}az, Guillermo and D{\i}az-Agudo, Bel{\'e}n},
  booktitle = {19th International Conference on Case Based Reasoning},
  year={2011}
}

@incollection{Yannakakis2013,
author = {Yannakakis, Georgios and Spronck, Pieter and Loiacono, Daniele and Andr{\'{e}}, Elisabeth},
booktitle = {Artificial and Computational Intelligence in Games},
doi = {10.4230/DFU.Vol6.12191.45},
file = {:home/czxttkl/Downloads/pm{\_}submitted{\_}final.pdf:pdf},
pages = {45--59},
title = {Player modeling},
url = {http://dblp.uni-trier.de/db/conf/dagstuhl/dfu6.html{\#}YannakakisSLA13},
year = {2013}
}

@inproceedings{agarwal2009matchmaking,
author = {Agarwal, Sharad and Lorch, Jacob R},
booktitle = {ACM SIGCOMM Computer Communication Review},
number = {4},
organization = {ACM},
pages = {315--326},
title = {{Matchmaking for online games and other latency-sensitive P2P systems}},
volume = {39},
year = {2009}
}

@inproceedings{lee2008measurement,
author = {Lee, Youngki and Agarwal, Sharad and Butcher, Chris and Padhye, Jitu},
booktitle = {International Conference on Passive and Active Network Measurement},
organization = {Springer},
pages = {41--50},
title = {{Measurement and estimation of network QoS among peer Xbox 360 game players}},
year = {2008}
}

@inproceedings{manweiler2011switchboard,
author = {Manweiler, Justin and Agarwal, Sharad and Zhang, Ming and {Roy Choudhury}, Romit and Bahl, Paramvir},
booktitle = {Proceedings of the 9th International Conference on Mobile Systems, Applications, and Services},
organization = {ACM},
pages = {71--84},
title = {{Switchboard: a matchmaking system for multiplayer mobile games}},
year = {2011}
}

@article{Delalleau2012,
author = {Delalleau, Olivier and Contal, Emile and Thibodeau-Laufer, Eric and Ferrari, Raul Chandias and Bengio, Yoshua and Zhang, Frank},
issn = {1943-068X},
journal = {IEEE Transactions on Computational Intelligence and AI in Games},
keywords = {Computational modeling,Computer architecture,First-person shooters (FPSs),Games,Ghost Recon Online,Prediction algorithms,Predictive models,Training,Ubisoft,Vectors,advanced matchmaking,adversarial multiplayer games,computer games,game balance,match quality,matchmaking,neural nets,neural networks,online games,personal preferences,player behavior,player satisfaction,single-skill value,skill rating,team-focused first-person shooter},
number = {3},
pages = {167--177},
shorttitle = {IEEE Transactions on Computational Intelligence an},
title = {{Beyond Skill Rating: Advanced Matchmaking in Ghost Recon Online}},
url = {http://ieeexplore.ieee.org/lpdocs/epic03/wrapper.htm?arnumber=6156756},
volume = {4},
year = {2012}
}



% churn
@incollection{bernhaupt2010user,
  title={User experience evaluation in entertainment},
  author={Bernhaupt, Regina},
  booktitle={Eva@article{watkins1992q,
  title={Q-learning},
  author={Watkins, Christopher JCH and Dayan, Peter},
  journal={Machine learning},
  volume={8},
  number={3-4},
  pages={279--292},
  year={1992},
  publisher={Springer}
}
luating User Experience in Games},
  pages={3--7},
  year={2010},
  publisher={Springer}
}

@inproceedings{yoon2010prediction,
title = {Prediction of Advertiser Churn for {Google AdWords}},
author  = {Sangho Yoon and Jim Koehler and Adam Ghobarah},
year  = 2010,
booktitle = {the Joint Statistical Meetings (JSM) Proceedings}
}

@inproceedings{morik2004analysing,
  title={Analysing customer churn in insurance data--a case study},
  author={Morik, Katharina and K{\"o}pcke, Hanna},
  booktitle={European Conference on Principles of Data Mining and Knowledge Discovery},
  pages={325--336},
  year={2004},
  organization={Springer}
}

@inproceedings{ferreira2004data,
  title={Data Mining Techniques on the Evaluation of Wireless Churn.},
  author={Ferreira, Jorge and Vellasco, Marley BR and Pacheco, Marco Aur{\'e}lio Cavalcanti and Carlos, R and Barbosa, Hall},
  booktitle={European Symposium on Artificial Neural Networks, Computational Intelligence and Machine Learning (ESANN)},
  pages={483--488},
  year={2004}
}

@inproceedings{weber2011modeling,
  title={Modeling Player Retention in {Madden NFL} 11.},
  author={Weber, Ben George and John, Michael and Mateas, Michael and Jhala, Arnav},
  booktitle={Innovative Applications of Artificial Intelligence (IAAI)},
  year={2011}
}

@inproceedings{hadiji2014predicting,
  title={Predicting player churn in the wild},
  author={Hadiji, Fabian and Sifa, Rafet and Drachen, Anders and Thurau, Christian and Kersting, Kristian and Bauckhage, Christian},
  booktitle={IEEE Conference on Computational Intelligence and Games (CIG)},
  pages={1--8},
  year={2014},
  organization={IEEE}
}

@inproceedings{runge2014churn,
  title={Churn prediction for high-value players in casual social games},
  author={Runge, Julian and Gao, Peng and Garcin, Florent and Faltings, Boi},
  booktitle={IEEE Conference on Computational Intelligence and Games},
  pages={1--8},
  year={2014},
  organization={IEEE}
}


% skill
@article{glickman1999parameter,
author = {Glickman, Mark E},
journal = {Applied Statistics},
pages = {377--394},
publisher = {JSTOR},
title = {{Parameter estimation in large dynamic paired comparison experiments}},
year = {1999}
}

@book{elo1978rating,
author = {Elo, Arpad E},
publisher = {Arco Pub.},
title = {{The rating of chessplayers, past and present}},
year = {1978}
}

@inproceedings{herbrich:trueskill,
  title={Trueskill\texttrademark: A Bayesian skill rating system},
  author={Herbrich, Ralf and Minka, Tom and Graepel, Thore},
  booktitle={Advances in Neural Information Processing Systems},
  pages={569--576},
  year={2006}
}



% game avatar rec team analysis
%%%%%%%%%%%%%%%%%%%%%%%%%%%%%%%%%%%%%%%%%%%%%%%%%%%%%
% team
%%%%%%%%%%%%%%%%%%%%%%%%%%%%%%%%%%%%%%%%%%%%%%%%%%%%%
@inproceedings{liemhetcharat2012modeling,
  title={Modeling and learning synergy for team formation with heterogeneous agents},
  author={Liemhetcharat, Somchaya and Veloso, Manuela},
  booktitle={Proceedings of the 11th International Conference on Autonomous Agents and Multiagent Systems-Volume 1},
  pages={365--374},
  year={2012},
  organization={International Foundation for Autonomous Agents and Multiagent Systems}
}

@inproceedings{huang2009formation,
  title={The formation of task-oriented groups: Exploring combat activities in online games},
  author={Huang, Yun and Zhu, Mengxiao and Wang, Jing and Pathak, Nishith and Shen, Cuihua and Keegan, Brian and Williams, Dmitri and Contractor, Noshir},
  booktitle={Computational Science and Engineering, 2009. CSE'09. International Conference on},
  volume={4},
  pages={122--127},
  year={2009},
  organization={IEEE}
}

@inproceedings{lappas2009finding,
  title={Finding a team of experts in social networks},
  author={Lappas, Theodoros and Liu, Kun and Terzi, Evimaria},
  booktitle={Proceedings of the 15th ACM SIGKDD international conference on Knowledge discovery and data mining},
  pages={467--476},
  year={2009},
  organization={ACM}
}

@article{buckenmyer2000using,
  title={Using teams for class activities: Making course/classroom teams work},
  author={Buckenmyer, James A},
  journal={Journal of Education for Business},
  volume={76},
  number={2},
  pages={98--107},
  year={2000},
  publisher={Taylor \& Francis}
}

@inproceedings{anagnostopoulos2012online,
  title={Online team formation in social networks},
  author={Anagnostopoulos, Aris and Becchetti, Luca and Castillo, Carlos and Gionis, Aristides and Leonardi, Stefano},
  booktitle={Proceedings of the 21st international conference on World Wide Web},
  pages={839--848},
  year={2012},
  organization={ACM}
}

@book{Mohrman,
author = {Mohrman, Susan Albers and Cohen, Susan G. and {Morhman Jr.}, Allan M.},
title = {{Designing team-based organizations:  New forms for knowledge work. Jossey-Bass management series.}},
year={1995},
publisher={Jossey-Bass}
}

@article{senior1997team,
author = {Senior, Barbara},
journal = {Journal of occupational and organizational psychology},
number = {3},
pages = {241--258},
publisher = {Wiley Online Library},
title = {{Team roles and team performance: is there â€˜reallyâ€™a link?}},
volume = {70},
year = {1997}
}

@article{partington1999team,
author = {Partington, David and Harris, Hilary},
journal = {Journal of Management Development},
number = {8},
pages = {694--705},
publisher = {MCB UP Ltd},
title = {{Team role balance and team performance: an empirical study}},
volume = {18},
year = {1999}
}


@article{chong2007role,
author = {Chong, Eric},
journal = {Journal of Behavioral and Applied Management},
number = {3},
pages = {202},
publisher = {Institute of Behavioral and Applied Management},
title = {{Role balance and team development: A study of team role characteristics underlying high and low performing teams}},
volume = {8},
year = {2007}
}

@article{roy2015task,
author = {Roy, Senjuti Basu and Lykourentzou, Ioanna and Thirumuruganathan, Saravanan and Amer-Yahia, Sihem and Das, Gautam},
journal = {The VLDB Journal},
number = {4},
pages = {467--491},
publisher = {Springer},
title = {{Task assignment optimization in knowledge-intensive crowdsourcing}},
volume = {24},
year = {2015}
}

@article{kittur2010crowdsourcing,
author = {Kittur, Aniket},
journal = {ACM Crossroads},
number = {2},
pages = {22--26},
title = {{Crowdsourcing, collaboration and creativity.}},
volume = {17},
year = {2010}
}

@article{rahman2015worker,
author = {Rahman, Habibur and Thirumuruganathan, Saravanan and Roy, Senjuti Basu and Amer-Yahia, Sihem and Das, Gautam},
journal = {Proceedings of the VLDB Endowment},
number = {11},
pages = {1142--1153},
publisher = {VLDB Endowment},
title = {{Worker skill estimation in team-based tasks}},
volume = {8},
year = {2015}
}

@inproceedings{rendle2010factorization,
  title={Factorization machines},
  author={Rendle, Steffen},
  booktitle={2010 IEEE International Conference on Data Mining},
  pages={995--1000},
  year={2010},
  organization={IEEE
}}





% gae

@article{blei2003latent,
author = {Blei, David M and Ng, Andrew Y and Jordan, Michael I},
journal = {the Journal of machine Learning research},
pages = {993--1022},
publisher = {JMLR. org},
title = {{Latent dirichlet allocation}},
volume = {3},
year = {2003}
}

@article{bengio2003neural,
  title={A neural probabilistic language model},
  author={Bengio, Yoshua and Ducharme, R{\'e}jean and Vincent, Pascal and Jauvin, Christian},
  journal={journal of machine learning research},
  volume={3},
  number={Feb},
  pages={1137--1155},
  year={2003}
}

@inproceedings{mikolov2013distributed,
  title={Distributed representations of words and phrases and their compositionality},
  author={Mikolov, Tomas and Sutskever, Ilya and Chen, Kai and Corrado, Greg S and Dean, Jeff},
  booktitle={Advances in neural information processing systems},
  pages={3111--3119},
  year={2013}
}

@article{maaten2008visualizing,
  title={Visualizing data using t-SNE},
  author={Maaten, Laurens van der and Hinton, Geoffrey},
  journal={Journal of Machine Learning Research},
  volume={9},
  number={Nov},
  pages={2579--2605},
  year={2008}
}

@inproceedings{belkin2001laplacian,
  title={Laplacian eigenmaps and spectral techniques for embedding and clustering.},
  author={Belkin, Mikhail and Niyogi, Partha},
  booktitle={NIPS},
  volume={14},
  pages={585--591},
  year={2001}
}

@article{duchi2011adaptive,
  title={Adaptive subgradient methods for online learning and stochastic optimization},
  author={Duchi, John and Hazan, Elad and Singer, Yoram},
  journal={Journal of Machine Learning Research},
  volume={12},
  number={Jul},
  pages={2121--2159},
  year={2011}
}



@misc{onlineperfectmatching,
author={Joris van Rantwijk},
title = {{Maximum Weighted Matching}},
howpublished = {\url{http://jorisvr.nl/article/maximum-matching}},
note="{Online; accessed May, 2016}"
}

@book{west2001introduction,
  title={Introduction to graph theory},
  author={West, Douglas Brent},
  year={2001},
  publisher={Prentice Hall}
}

@inproceedings{gabow1974implementation,
author = {Gabow, Harold Neil},
title = {{Implementation of algorithms for maximum matching on nonbipartite graphs.}},
booktitle = {PhD Thesis},
organization = {Stanford University},
year = {1974}
}

@book{lawler2001combinatorial,
author = {Lawler, Eugene L},
publisher = {Courier Corporation},
title = {{Combinatorial optimization: networks and matroids}},
year = {2001}
}