
% difficulty adjustment
@inproceedings{hunicke2005case,
  title={The case for dynamic difficulty adjustment in games},
  author={Hunicke, Robin},
  booktitle={Proceedings of the 2005 ACM SIGCHI International Conference on Advances in computer entertainment technology},
  pages={429--433},
  year={2005},
  organization={ACM}
}

@inproceedings{van2009incongruity,
  title={Incongruity-based adaptive game balancing},
  author={Van Lankveld, Giel and Spronck, Pieter and Van Den Herik, H Jaap and Rauterberg, Matthias},
  booktitle={Advances in computer games},
  pages={208--220},
  year={2009},
  organization={Springer}
}

@inproceedings{xue2017dynamic,
  title={Dynamic Difficulty Adjustment for Maximized Engagement in Digital Games},
  author={Xue, Su and Wu, Meng and Kolen, John and Aghdaie, Navid and Zaman, Kazi A},
  booktitle={Proceedings of the 26th International Conference on World Wide Web Companion},
  pages={465--471},
  year={2017},
  organization={International World Wide Web Conferences Steering Committee}
}

@inproceedings{andrade2005extending,
  title={Extending reinforcement learning to provide dynamic game balancing},
  author={Andrade, Gustavo and Ramalho, Geber and Santana, Hugo and Corruble, Vincent},
  booktitle={Proceedings of the Workshop on Reasoning, Representation, and Learning in Computer Games, 19th International Joint Conference on Artificial Intelligence (IJCAI)},
  pages={7--12},
  year={2005}
}

@inproceedings{togelius2007towards,
  title={Towards automatic personalised content creation for racing games},
  author={Togelius, Julian and De Nardi, Renzo and Lucas, Simon M},
  booktitle={Computational Intelligence and Games, 2007. CIG 2007. IEEE Symposium on},
  pages={252--259},
  year={2007},
  organization={IEEE}
}
