@article{charlton2007distinguishing,
  title={Distinguishing addiction and high engagement in the context of online game playing},
  author={Charlton, John P and Danforth, Ian DW},
  journal={Computers in Human Behavior},
  volume={23},
  number={3},
  pages={1531--1548},
  year={2007},
  publisher={Elsevier}
}

% psychological risks
@article{brunborg2013gaming,
  title={Gaming addiction, gaming engagement, and psychological health complaints among Norwegian adolescents},
  author={Brunborg, Geir Scott and Mentzoni, Rune Aune and Melkevik, Ole Rogstad and Torsheim, Torbj{\o}rn and Samdal, Oddrun and Hetland, J{\o}rn and Andreassen, Cecilie Schou and Palleson, St{\aa}Le},
  journal={Media psychology},
  volume={16},
  number={1},
  pages={115--128},
  year={2013},
  publisher={Taylor \& Francis}
}

@article{lehenbauer2015addiction,
  title={Addiction and engagement: an explorative study toward classification criteria for internet gaming disorder},
  author={Lehenbauer-Baum, Mario and Klaps, Armin and Kovacovsky, Zuzana and Witzmann, Karolin and Zahlbruckner, Raphaela and Stetina, Birgit U},
  journal={Cyberpsychology, Behavior, and Social Networking},
  volume={18},
  number={6},
  pages={343--349},
  year={2015},
  publisher={Mary Ann Liebert, Inc. 140 Huguenot Street, 3rd Floor New Rochelle, NY 10801 USA}
}


% social relationships
@article{blais2008adolescents,
  title={Adolescents online: The importance of Internet activity choices to salient relationships},
  author={Blais, Julie J and Craig, Wendy M and Pepler, Debra and Connolly, Jennifer},
  journal={Journal of youth and adolescence},
  volume={37},
  number={5},
  pages={522--536},
  year={2008},
  publisher={Springer}
}

@article{kraut2002internet,
  title={Internet paradox revisited},
  author={Kraut, Robert and Kiesler, Sara and Boneva, Bonka and Cummings, Jonathon and Helgeson, Vicki and Crawford, Anne},
  journal={Journal of social issues},
  volume={58},
  number={1},
  pages={49--74},
  year={2002},
  publisher={Wiley Online Library}
}


% approach to distinguish engagement and addiction
% from Distinguishing Addiction From High Engagement An Investigation Into the Social Lives of Adolescent and Young Adult Massively Multiplayer Online Game Players

@article{seok2014distinguishing,
  title={Distinguishing addiction from high engagement: An investigation into the social lives of adolescent and young adult massively multiplayer online game players},
  author={Seok, Soonhwa and DaCosta, Boaventura},
  journal={Games and Culture},
  volume={9},
  number={4},
  pages={227--254},
  year={2014},
  publisher={Sage Publications Sage CA: Los Angeles, CA}
}

@article{griffiths1996behavioural,
  title={Behavioural addiction: an issue for everybody?},
  author={Griffiths, Mark},
  journal={Employee Councelling Today},
  volume={8},
  number={3},
  pages={19--25},
  year={1996},
  publisher={MCB UP Ltd}
}

@article{brown1997theoretical,
  title={A theoretical model of the behavioural addictions--applied to offending},
  author={Brown, RIF},
  journal={Addicted to crime},
  pages={13--65},
  year={1997},
  publisher={John Wiley Chichester, UK}
}

@article{griffiths1998dependence,
  title={Dependence on computer games by adolescents},
  author={Griffiths, Mark D and Hunt, Nigel},
  journal={Psychological reports},
  volume={82},
  number={2},
  pages={475--480},
  year={1998},
  publisher={SAGE Publications Sage CA: Los Angeles, CA}
}

@article{fisher1994identifying,
  title={Identifying video game addiction in children and adolescents},
  author={Fisher, Sue},
  journal={Addictive behaviors},
  volume={19},
  number={5},
  pages={545--553},
  year={1994},
  publisher={Pergamon}
}


% transparency
@article{scherer2015regulating,
  title={Regulating artificial intelligence systems: Risks, challenges, competencies, and strategies},
  author={Scherer, Matthew U},
  journal={Harv. JL \& Tech.},
  volume={29},
  pages={353},
  year={2015},
  publisher={HeinOnline}
}

@article{ananny2018seeing,
  title={Seeing without knowing: Limitations of the transparency ideal and its application to algorithmic accountability},
  author={Ananny, Mike and Crawford, Kate},
  journal={New Media \& Society},
  volume={20},
  number={3},
  pages={973--989},
  year={2018},
  publisher={SAGE Publications Sage UK: London, England}
}

@article{bostrom2014ethics,
  title={The ethics of artificial intelligence},
  author={Bostrom, Nick and Yudkowsky, Eliezer},
  journal={The Cambridge handbook of artificial intelligence},
  volume={316},
  pages={334},
  year={2014},
  publisher={Cambridge University Press Cambridge}
}

