% in-game trace analysis
@inproceedings{cavadenti2016did,
  title={What did i do wrong in my MOBA game? Mining patterns discriminating deviant behaviours},
  author={Cavadenti, Olivier and Codocedo, Victor and Boulicaut, Jean-Fran{\c{c}}ois and Kaytoue, Mehdi},
  booktitle={Data Science and Advanced Analytics (DSAA), 2016 IEEE International Conference on},
  pages={662--671},
  year={2016},
  organization={IEEE}
}


% two hero recommendation systems
@inproceedings{summerville2017reco,
author = {Summerville, Adam and Cook, Michael and	Steenhuisen, Ben},
booktitle = {Proceedings of the 12th AAAI Conference on Artificial Intelligence and Interactive Digital Entertainment (AIIDE)},
title = {{Draft-analysis of the Ancients: predicting draft picks in DotA 2 using machine learning}},
year = {2016}
}

@inproceedings{hanke2017reco,
author = {Hanke, Lucas and Chaimowicz, Luiz},
booktitle = {Proceedings of the 13th AAAI Conference on Artificial Intelligence and Interactive Digital Entertainment (AIIDE)},
title = {{A recommender system for hero line-ups in MOBA games}},
year = {2017}
}


% team 
@inproceedings{kim2016proficiency,
  title={The Proficiency-Congruency Dilemma: Virtual Team Design and Performance in Multiplayer Online Games},
  author={Kim, Jooyeon and Keegan, Brian C and Park, Sungjoon and Oh, Alice},
  booktitle={Proceedings of the 2016 CHI Conference on Human Factors in Computing Systems},
  pages={4351--4365},
  year={2016},
  organization={ACM}
}

@inproceedings{neidhardt2015team,
  title={Team vs. team: success factors in a Multiplayer Online Battle Arena game},
  author={Neidhardt, Julia and Huang, Yun and Contractor, Noshir},
  booktitle={Academy of Management Proceedings},
  volume={2015},
  number={1},
  pages={18725},
  year={2015},
  organization={Academy of Management}
}

@inproceedings{pobie1,
author = {Pobiedina, Nataliia and Neidhardt, Julia and {Calatrava Moreno}, Maria del Carmen and Grad-Gyenge, Laszlo and Werthner, Hannes},
booktitle = {2013 IEEE 15th Conference on Business Informatics},
pages = {55--62},
publisher = {IEEE},
title = {{On Successful Team Formation: Statistical Analysis of a Multiplayer Online Game}},
url = {http://ieeexplore.ieee.org/articleDetails.jsp?arnumber=6642858},
year = {2013}
}

@inproceedings{pobie2,
  title={Ranking factors of team success},
  author={Pobiedina, Nataliia and Neidhardt, Julia and Calatrava Moreno, Maria del Carmen and Werthner, Hannes},
  booktitle={Proceedings of the 22nd international conference on World Wide Web companion},
  pages={1185--1194},
  year={2013},
  organization={International World Wide Web Conferences Steering Committee}
}

@incollection{Semenov2016,
author = {Semenov, Aleksandr and Romov, Peter and Korolev, Sergey and Yashkov, Daniil and Neklyudov, Kirill},
booktitle = {Analysis of Images, Social Networks and Texts},
pages = {26--37},
publisher = {Springer},
title = {{Performance of Machine Learning Algorithms in Predicting Game Outcome from Drafts in Dota 2}},
year = {2016}
}



% match outcome prediction

@inproceedings{makarov2017predicting,
  title={Predicting Winning Team and Probabilistic Ratings in “Dota 2” and “Counter-Strike: Global Offensive” Video Games},
  author={Makarov, Ilya and Savostyanov, Dmitry and Litvyakov, Boris and Ignatov, Dmitry I},
  booktitle={International Conference on Analysis of Images, Social Networks and Texts},
  pages={183--196},
  year={2017},
  organization={Springer}
}


@inproceedings{wang2018outcome,
  title={Outcome prediction of DOTA2 using machine learning methods},
  author={Wang, Nanzhi and Li, Lin and Xiao, Linlong and Yang, Guocai and Zhou, Yue},
  booktitle={Proceedings of 2018 International Conference on Mathematics and Artificial Intelligence},
  pages={61--67},
  year={2018},
  organization={ACM}
}
@inproceedings{wang2017outcome,
  title={Outcome prediction of DOTA2 based on Na{\"\i}ve Bayes classifier},
  author={Wang, Kaixiang and Shang, Wenqian},
  booktitle={Computer and Information Science (ICIS), 2017 IEEE/ACIS 16th International Conference on},
  pages={591--593},
  year={2017},
  organization={IEEE}
}

% technical report
@article{conley2013does,
  title={How does he saw me? A Recommendation Engine for Picking Heroes in Dota 2},
  author={Conley, Kevin and Perry, Daniel},
  journal={Np, nd Web},
  volume={7},
  year={2013}
}

% skill
@inproceedings{Yang:identifying,
	author = {Yang, Pu and Brent, Harrison and Roberts, David L},
	booktitle = {Proceedings of Foundations of Digital Games (FDG)},
	title = {{Identifying patterns in combat that are predictive of success in MOBA games}},
	year = {2014}
}

@inproceedings{Drachen:skill,
author = {Drachen, Anders and Yancey, Matthew and Maguire, John and Chu, Derrek and Wang, Iris Yuhui and Mahlmann, Tobias and Schubert, Matthias and Klabajan, Diego},
booktitle = {2014 IEEE Games Media Entertainment},
month = oct,
pages = {1--8},
publisher = {IEEE},
shorttitle = {Games Media Entertainment (GEM), 2014 IEEE},
title = {{Skill-based differences in spatio-temporal team behaviour in defence of the Ancients 2 (DotA 2)}},
year = {2014}
}


% dota pick order
@misc{dotapickorder,
author={Gamepedia},
title = {DOTA 2 wiki - game modes},
howpublished = {\url{https://dota2.gamepedia.com/Game_modes}},
year = {2018},
note="{Online; accessed May, 2018}"
}


@misc{openaidota,
author={OpenAI},
title = {OpenAI Blog},
howpublished = {\url{https://blog.openai.com/dota-2/
}},
year = {2017},
note="{Online; accessed Aug, 2018}"
}

% general study of player motivation for playing moba
@inproceedings{johnson2015all,
  title={All about that base: differing player experiences in video game genres and the unique case of moba games},
  author={Johnson, Daniel and Nacke, Lennart E and Wyeth, Peta},
  booktitle={Proceedings of the 33rd Annual ACM Conference on Human Factors in Computing Systems},
  pages={2265--2274},
  year={2015},
  organization={ACM}
}




% game avatar rec team analysis
%%%%%%%%%%%%%%%%%%%%%%%%%%%%%%%%%%%%%%%%%%%%%%%%%%%%%
% team
%%%%%%%%%%%%%%%%%%%%%%%%%%%%%%%%%%%%%%%%%%%%%%%%%%%%%
@inproceedings{liemhetcharat2012modeling,
  title={Modeling and learning synergy for team formation with heterogeneous agents},
  author={Liemhetcharat, Somchaya and Veloso, Manuela},
  booktitle={Proceedings of the 11th International Conference on Autonomous Agents and Multiagent Systems-Volume 1},
  pages={365--374},
  year={2012},
  organization={International Foundation for Autonomous Agents and Multiagent Systems}
}

@inproceedings{huang2009formation,
  title={The formation of task-oriented groups: Exploring combat activities in online games},
  author={Huang, Yun and Zhu, Mengxiao and Wang, Jing and Pathak, Nishith and Shen, Cuihua and Keegan, Brian and Williams, Dmitri and Contractor, Noshir},
  booktitle={Computational Science and Engineering, 2009. CSE'09. International Conference on},
  volume={4},
  pages={122--127},
  year={2009},
  organization={IEEE}
}

@inproceedings{lappas2009finding,
  title={Finding a team of experts in social networks},
  author={Lappas, Theodoros and Liu, Kun and Terzi, Evimaria},
  booktitle={Proceedings of the 15th ACM SIGKDD international conference on Knowledge discovery and data mining},
  pages={467--476},
  year={2009},
  organization={ACM}
}

@article{buckenmyer2000using,
  title={Using teams for class activities: Making course/classroom teams work},
  author={Buckenmyer, James A},
  journal={Journal of Education for Business},
  volume={76},
  number={2},
  pages={98--107},
  year={2000},
  publisher={Taylor \& Francis}
}

@inproceedings{anagnostopoulos2012online,
  title={Online team formation in social networks},
  author={Anagnostopoulos, Aris and Becchetti, Luca and Castillo, Carlos and Gionis, Aristides and Leonardi, Stefano},
  booktitle={Proceedings of the 21st international conference on World Wide Web},
  pages={839--848},
  year={2012},
  organization={ACM}
}

@book{Mohrman,
author = {Mohrman, Susan Albers and Cohen, Susan G. and {Morhman Jr.}, Allan M.},
title = {{Designing team-based organizations:  New forms for knowledge work. Jossey-Bass management series.}},
year={1995},
publisher={Jossey-Bass}
}

@article{senior1997team,
author = {Senior, Barbara},
journal = {Journal of occupational and organizational psychology},
number = {3},
pages = {241--258},
publisher = {Wiley Online Library},
title = {{Team roles and team performance: is there ‘really’a link?}},
volume = {70},
year = {1997}
}

@article{partington1999team,
author = {Partington, David and Harris, Hilary},
journal = {Journal of Management Development},
number = {8},
pages = {694--705},
publisher = {MCB UP Ltd},
title = {{Team role balance and team performance: an empirical study}},
volume = {18},
year = {1999}
}


@article{chong2007role,
author = {Chong, Eric},
journal = {Journal of Behavioral and Applied Management},
number = {3},
pages = {202},
publisher = {Institute of Behavioral and Applied Management},
title = {{Role balance and team development: A study of team role characteristics underlying high and low performing teams}},
volume = {8},
year = {2007}
}

@article{roy2015task,
author = {Roy, Senjuti Basu and Lykourentzou, Ioanna and Thirumuruganathan, Saravanan and Amer-Yahia, Sihem and Das, Gautam},
journal = {The VLDB Journal},
number = {4},
pages = {467--491},
publisher = {Springer},
title = {{Task assignment optimization in knowledge-intensive crowdsourcing}},
volume = {24},
year = {2015}
}

@article{kittur2010crowdsourcing,
author = {Kittur, Aniket},
journal = {ACM Crossroads},
number = {2},
pages = {22--26},
title = {{Crowdsourcing, collaboration and creativity.}},
volume = {17},
year = {2010}
}

@article{rahman2015worker,
author = {Rahman, Habibur and Thirumuruganathan, Saravanan and Roy, Senjuti Basu and Amer-Yahia, Sihem and Das, Gautam},
journal = {Proceedings of the VLDB Endowment},
number = {11},
pages = {1142--1153},
publisher = {VLDB Endowment},
title = {{Worker skill estimation in team-based tasks}},
volume = {8},
year = {2015}
}

@inproceedings{rendle2010factorization,
  title={Factorization machines},
  author={Rendle, Steffen},
  booktitle={2010 IEEE International Conference on Data Mining},
  pages={995--1000},
  year={2010},
  organization={IEEE
}}





% gae

@article{blei2003latent,
author = {Blei, David M and Ng, Andrew Y and Jordan, Michael I},
journal = {the Journal of machine Learning research},
pages = {993--1022},
publisher = {JMLR. org},
title = {{Latent dirichlet allocation}},
volume = {3},
year = {2003}
}

@article{bengio2003neural,
  title={A neural probabilistic language model},
  author={Bengio, Yoshua and Ducharme, R{\'e}jean and Vincent, Pascal and Jauvin, Christian},
  journal={journal of machine learning research},
  volume={3},
  number={Feb},
  pages={1137--1155},
  year={2003}
}

@inproceedings{mikolov2013distributed,
  title={Distributed representations of words and phrases and their compositionality},
  author={Mikolov, Tomas and Sutskever, Ilya and Chen, Kai and Corrado, Greg S and Dean, Jeff},
  booktitle={Advances in neural information processing systems},
  pages={3111--3119},
  year={2013}
}

@article{maaten2008visualizing,
  title={Visualizing data using t-SNE},
  author={Maaten, Laurens van der and Hinton, Geoffrey},
  journal={Journal of Machine Learning Research},
  volume={9},
  number={Nov},
  pages={2579--2605},
  year={2008}
}

@inproceedings{belkin2001laplacian,
  title={Laplacian eigenmaps and spectral techniques for embedding and clustering.},
  author={Belkin, Mikhail and Niyogi, Partha},
  booktitle={NIPS},
  volume={14},
  pages={585--591},
  year={2001}
}

@article{duchi2011adaptive,
  title={Adaptive subgradient methods for online learning and stochastic optimization},
  author={Duchi, John and Hazan, Elad and Singer, Yoram},
  journal={Journal of Machine Learning Research},
  volume={12},
  number={Jul},
  pages={2121--2159},
  year={2011}
}

@book{west2001introduction,
  title={Introduction to graph theory},
  author={West, Douglas Brent},
  year={2001},
  publisher={Prentice Hall}
}

@inproceedings{gabow1974implementation,
author = {Gabow, Harold Neil},
title = {{Implementation of algorithms for maximum matching on nonbipartite graphs.}},
booktitle = {PhD Thesis},
organization = {Stanford University},
year = {1974}
}

@book{lawler2001combinatorial,
author = {Lawler, Eugene L},
publisher = {Courier Corporation},
title = {{Combinatorial optimization: networks and matroids}},
year = {2001}
}