
% difficulty adjustment
@inproceedings{hunicke2005case,
  title={The case for dynamic difficulty adjustment in games},
  author={Hunicke, Robin},
  booktitle={Proceedings of the 2005 ACM SIGCHI International Conference on Advances in computer entertainment technology},
  pages={429--433},
  year={2005},
  organization={ACM}
}

@inproceedings{baldwin2014effect,
  title={The effect of multiplayer dynamic difficulty adjustment on the player experience of video games},
  author={Baldwin, Alexander and Johnson, Daniel and Wyeth, Peta A},
  booktitle={CHI'14 Extended Abstracts on Human Factors in Computing Systems},
  pages={1489--1494},
  year={2014},
  organization={ACM}
}


@inproceedings{van2009incongruity,
  title={Incongruity-based adaptive game balancing},
  author={Van Lankveld, Giel and Spronck, Pieter and Van Den Herik, H Jaap and Rauterberg, Matthias},
  booktitle={Advances in computer games},
  pages={208--220},
  year={2009},
  organization={Springer}
}

@inproceedings{xue2017dynamic,
  title={Dynamic Difficulty Adjustment for Maximized Engagement in Digital Games},
  author={Xue, Su and Wu, Meng and Kolen, John and Aghdaie, Navid and Zaman, Kazi A},
  booktitle={Proceedings of the 26th International Conference on World Wide Web Companion},
  pages={465--471},
  year={2017},
  organization={International World Wide Web Conferences Steering Committee}
}

@inproceedings{andrade2005extending,
  title={Extending reinforcement learning to provide dynamic game balancing},
  author={Andrade, Gustavo and Ramalho, Geber and Santana, Hugo and Corruble, Vincent},
  booktitle={Proceedings of the Workshop on Reasoning, Representation, and Learning in Computer Games, 19th International Joint Conference on Artificial Intelligence (IJCAI)},
  pages={7--12},
  year={2005}
}

@inproceedings{togelius2007towards,
  title={Towards automatic personalised content creation for racing games},
  author={Togelius, Julian and De Nardi, Renzo and Lucas, Simon M},
  booktitle={Computational Intelligence and Games, 2007. CIG 2007. IEEE Symposium on},
  pages={252--259},
  year={2007},
  organization={IEEE}
}

@inproceedings{missura2009player,
  title={Player modeling for intelligent difficulty adjustment},
  author={Missura, Olana and G{\"a}rtner, Thomas},
  booktitle={International Conference on Discovery Science},
  pages={197--211},
  year={2009},
  organization={Springer}
}

% missura's work is like multi-arm bandit
@inproceedings{auer1995gambling,
  title={Gambling in a rigged casino: The adversarial multi-armed bandit problem},
  author={Auer, Peter and Cesa-Bianchi, Nicolo and Freund, Yoav and Schapire, Robert E},
  booktitle={focs},
  pages={322},
  year={1995},
  organization={IEEE}
}

@inproceedings{missura2011predicting,
  title={Predicting dynamic difficulty},
  author={Missura, Olana and G{\"a}rtner, Thomas},
  booktitle={Advances in Neural Information Processing Systems},
  pages={2007--2015},
  year={2011}
}

@inproceedings{togelius2006making,
  title={Making Racing Fun Through Player Modeling and Track Evolution},
  author={Togelius, J and De Nardi, R and Lucas, S},
  booktitle={Proceedings of the SAB Workshop on on Adaptive Approaches to Optimizing Player Satisfaction},
  year={2006}
}

@inproceedings{yannakakis2005player,
  title={Player modeling impact on playerâ€™s entertainment in computer games},
  author={Yannakakis, Georgios N and Maragoudakis, Manolis},
  booktitle={International Conference on User Modeling},
  pages={74--78},
  year={2005},
  organization={Springer}
}

@inproceedings{jennings2010polymorph,
  title={Polymorph: dynamic difficulty adjustment through level generation},
  author={Jennings-Teats, Martin and Smith, Gillian and Wardrip-Fruin, Noah},
  booktitle={Proceedings of the 2010 Workshop on Procedural Content Generation in Games},
  pages={11},
  year={2010},
  organization={ACM}
}

@inproceedings{shaker2011feature,
  title={Feature analysis for modeling game content quality},
  author={Shaker, Noor and Yannakakis, Georgios N and Togelius, Julian},
  booktitle={Computational Intelligence and Games (CIG), 2011 IEEE Conference on},
  pages={126--133},
  year={2011},
  organization={IEEE}
}

@inproceedings{shaker2012evolving,
  title={Evolving Personalized Content for Super Mario Bros Using Grammatical Evolution},
  author={Shaker, Noor and Nicolau, Miguel and Yannakakis, Georgios N and Togelius, Julian and O'neill, Michael},
  booktitle={Computational Intelligence and Games (CIG), 2012 IEEE Conference on},
  pages={304--311},
  year={2012},
  organization={IEEE}
}


@inproceedings{zook2012temporal,
  title={A Temporal Data-Driven Player Model for Dynamic Difficulty Adjustment.},
  author={Zook, Alexander and Riedl, Mark O},
  booktitle={AIIDE},
  year={2012}
}



@inproceedings{sarkar2017engagement,
  title={Engagement effects of player rating system-based matchmaking for level ordering in human computation games},
  author={Sarkar, Anurag and Williams, Michael and Deterding, Sebastian and Cooper, Seth},
  booktitle={Proceedings of the 12th International Conference on the Foundations of Digital Games},
  pages={22},
  year={2017},
  organization={ACM}
}



% ai controlled agents
@inproceedings{spronck2004difficulty,
  title={Difficulty scaling of game AI},
  author={Spronck, Pieter and Sprinkhuizen-Kuyper, Ida and Postma, Eric},
  booktitle={Proceedings of the 5th International Conference on Intelligent Games and Simulation (GAME-ON 2004)},
  pages={33--37},
  year={2004}
}


@inproceedings{demediuk2017monte,
  title={Monte carlo tree search based algorithms for dynamic difficulty adjustment},
  author={Demediuk, Simon and Tamassia, Marco and Raffe, William L and Zambetta, Fabio and Li, Xiaodong and Mueller, Florian},
  booktitle={Computational Intelligence and Games (CIG), 2017 IEEE Conference on},
  pages={53--59},
  year={2017},
  organization={IEEE}
}

@article{andrade2006dynamic,
  title={Dynamic Game Balancing: An Evaluation of User Satisfaction.},
  author={Andrade, Gustavo and Ramalho, Geber and Gomes, Alex Sandro and Corruble, Vincent},
  journal={AIIDE},
  volume={6},
  pages={3--8},
  year={2006}
}

@inproceedings{andrade2005challenge,
  title={Challenge-sensitive action selection: an application to game balancing},
  author={Andrade, Gustavo and Ramalho, Geber and Santana, Hugo and Corruble, Vincent},
  booktitle={Intelligent agent technology, ieee/wic/acm international conference on},
  pages={194--200},
  year={2005},
  organization={IEEE}
}

