% grah matching
@article{edmonds1965maximum,
author = {Edmonds, Jack},
journal = {Journal of Research of the National Bureau of Standards},
number = {1965},
pages = {125--130},
title = {{Maximum matching and a polyhedron with 0, l-vertices}},
volume = {69},
year = {1965}
}

@article{edmonds1965paths,
author = {Edmonds, Jack},
journal = {Canadian Journal of Mathematics},
number = {3},
pages = {449--467},
title = {{Paths, trees, and flowers}},
volume = {17},
year = {1965}
}

@article{karzanov1976efficient,
author = {Karzanov, A V},
journal = {Studies in Discrete Optimization},
pages = {306--327},
publisher = {Nauka, Moscow},
title = {{Efficient implementations of Edmondsâ€™ algorithms for finding matchings with maximum cardinality and maximum weight}},
year = {1976}
}

@book{west2001introduction,
  title={Introduction to graph theory},
  author={West, Douglas Brent},
  year={2001},
  publisher={Prentice Hall}
}

@book{lawler2001combinatorial,
author = {Lawler, Eugene L},
publisher = {Courier Corporation},
title = {{Combinatorial optimization: networks and matroids}},
year = {2001}
}

@inproceedings{gabow1974implementation,
author = {Gabow, Harold Neil},
title = {{Implementation of algorithms for maximum matching on nonbipartite graphs.}},
booktitle = {PhD Thesis},
organization = {Stanford University},
year = {1974}
}

@inproceedings{gabow1985scaling,
author = {Gabow, Harold N},
booktitle = {26th Annual Symposium on Foundations of Computer Science},
organization = {IEEE},
pages = {90--100},
title = {{A scaling algorithm for weighted matching on general graphs}},
year = {1985}
}

@article{drake2003simple,
author = {Drake, Doratha E and Hougardy, Stefan},
journal = {Information Processing Letters},
number = {4},
pages = {211--213},
publisher = {Elsevier},
title = {{A simple approximation algorithm for the weighted matching problem}},
volume = {85},
year = {2003}
}

@article{duan2014linear,
  title={Linear-time approximation for maximum weight matching},
  author={Duan, Ran and Pettie, Seth},
  journal={Journal of the ACM (JACM)},
  volume={61},
  number={1},
  pages={1},
  year={2014},
  publisher={ACM}
}


@inproceedings{osiakwan1990maximum,
  title={The maximum weight perfect matching problem for complete weighted graphs is in {PC}},
  author={Osiakwan, Constantine NK and Akl, Selim G},
  booktitle={Proceedings of the Second IEEE Symposium on Parallel and Distributed Processing},
  pages={880--887},
  year={1990},
  organization={IEEE}
}

@book{berge1984hypergraphs,
author = {Berge, Claude},
publisher = {Elsevier},
title = {{Hypergraphs: combinatorics of finite sets}},
volume = {45},
year = {1984}
}

@article{olafsson1990weighted,
author = {{\'{O}}lafsson, Snj{\'{o}}lfur},
journal = {Journal of the Operational Research Society},
number = {1},
pages = {17--24},
publisher = {Springer},
title = {{Weighted matching in chess tournaments}},
volume = {41},
year = {1990}
}

@article{bell1994weighted,
author = {Bell, Colin E},
journal = {European Journal of Operational Research},
number = {3},
pages = {443--449},
publisher = {Elsevier},
title = {{Weighted matching with vertex weights: An application to scheduling training sessions in NASA space shuttle cockpit simulators}},
volume = {73},
year = {1994}
}

@article{riskin1994index,
author = {Riskin, Eve A and Ladner, Richard and Wang, Ren-Yuh and Atlas, Les E},
journal = {IEEE Transactions on Image Processing},
number = {3},
pages = {307--312},
publisher = {IEEE},
title = {{Index assignment for progressive transmission of full-search vector quantization}},
volume = {3},
year = {1994}
}

@book{gabow1990data,
  title={Data structures for weighted matching and nearest common ancestors with linking},
  author={Gabow, Harold N},
  year={1990},
  publisher={University of Colorado, Boulder, Department of Computer Science}
}

@misc{onlineperfectmatching,
author={Rantwijk, Joris van},
title = {{Maximum Weighted Matching}},
howpublished = {\url{http://jorisvr.nl/article/maximum-matching}},
note="{Online; accessed Aug, 2018}",
year={2013}
}


% skill model, matchmaking
@article{graepel2006ranking,
author = {Graepel, Thore and Herbrich, Ralf},
journal = {Game Developer Magazine},
pages = {34},
title = {{Ranking and matchmaking}},
volume = {25},
year = {2006}
}

@article{bradley1952rank,
author = {Bradley, Ralph Allan and Terry, Milton E},
journal = {Biometrika},
number = {3/4},
pages = {324--345},
publisher = {JSTOR},
title = {{Rank analysis of incomplete block designs: I. The method of paired comparisons}},
volume = {39},
year = {1952}
}

@book{agresti2011categorical,
author = {Agresti, Alan and Kateri, Maria},
publisher = {Springer},
title = {{Categorical data analysis}},
year = {2011}
}

@inproceedings{suznjevic2015application,
author = {Suznjevic, Mirko and Matijasevic, Maja and Konfic, Jelena},
booktitle = {International Workshop on Network and Systems Support for Games (NetGames)},
organization = {IEEE},
pages = {1--6},
title = {{Application context based algorithm for player skill evaluation in MOBA games}},
year = {2015}
}

@inproceedings{di2009skill,
  title={Skill rating by Bayesian inference},
  author={Di Fatta, Giuseppe and Haworth, Guy McC and Regan, Kenneth W},
  booktitle={IEEE Symposium on Computational Intelligence and Data Mining (CIDM)},
  pages={89--94},
  year={2009},
  organization={IEEE}
}



@incollection{myslak2014developing,
author = {My\'{s}lak, Mateusz and Deja, Dominik},
booktitle = {Social Informatics},
pages = {200--208},
publisher = {Springer},
title = {{Developing game-structure sensitive matchmaking system for massive-multiplayer online games}},
year = {2014}
}

@inproceedings{jimenez2011matchmaking,
  title={Matchmaking and case-based recommendations},
  author={Jim{\'e}nez-Rodr{\i}guez, Jorge and Jim{\'e}nez-D{\i}az, Guillermo and D{\i}az-Agudo, Bel{\'e}n},
  booktitle = {19th International Conference on Case Based Reasoning},
  year={2011}
}

@incollection{Yannakakis2013,
author = {Yannakakis, Georgios and Spronck, Pieter and Loiacono, Daniele and Andr{\'{e}}, Elisabeth},
booktitle = {Artificial and Computational Intelligence in Games},
doi = {10.4230/DFU.Vol6.12191.45},
file = {:home/czxttkl/Downloads/pm{\_}submitted{\_}final.pdf:pdf},
pages = {45--59},
title = {Player modeling},
url = {http://dblp.uni-trier.de/db/conf/dagstuhl/dfu6.html{\#}YannakakisSLA13},
year = {2013}
}

@inproceedings{agarwal2009matchmaking,
author = {Agarwal, Sharad and Lorch, Jacob R},
booktitle = {ACM SIGCOMM Computer Communication Review},
number = {4},
organization = {ACM},
pages = {315--326},
title = {{Matchmaking for online games and other latency-sensitive P2P systems}},
volume = {39},
year = {2009}
}

@inproceedings{lee2008measurement,
author = {Lee, Youngki and Agarwal, Sharad and Butcher, Chris and Padhye, Jitu},
booktitle = {International Conference on Passive and Active Network Measurement},
organization = {Springer},
pages = {41--50},
title = {{Measurement and estimation of network QoS among peer Xbox 360 game players}},
year = {2008}
}

@inproceedings{manweiler2011switchboard,
author = {Manweiler, Justin and Agarwal, Sharad and Zhang, Ming and {Roy Choudhury}, Romit and Bahl, Paramvir},
booktitle = {Proceedings of the 9th International Conference on Mobile Systems, Applications, and Services},
organization = {ACM},
pages = {71--84},
title = {{Switchboard: a matchmaking system for multiplayer mobile games}},
year = {2011}
}

@article{Delalleau2012,
author = {Delalleau, Olivier and Contal, Emile and Thibodeau-Laufer, Eric and Ferrari, Raul Chandias and Bengio, Yoshua and Zhang, Frank},
issn = {1943-068X},
journal = {IEEE Transactions on Computational Intelligence and AI in Games},
keywords = {Computational modeling,Computer architecture,First-person shooters (FPSs),Games,Ghost Recon Online,Prediction algorithms,Predictive models,Training,Ubisoft,Vectors,advanced matchmaking,adversarial multiplayer games,computer games,game balance,match quality,matchmaking,neural nets,neural networks,online games,personal preferences,player behavior,player satisfaction,single-skill value,skill rating,team-focused first-person shooter},
number = {3},
pages = {167--177},
shorttitle = {IEEE Transactions on Computational Intelligence an},
title = {{Beyond Skill Rating: Advanced Matchmaking in Ghost Recon Online}},
url = {http://ieeexplore.ieee.org/lpdocs/epic03/wrapper.htm?arnumber=6156756},
volume = {4},
year = {2012}
}



% skill
@article{glickman1999parameter,
author = {Glickman, Mark E},
journal = {Applied Statistics},
pages = {377--394},
publisher = {JSTOR},
title = {{Parameter estimation in large dynamic paired comparison experiments}},
year = {1999}
}

@book{elo1978rating,
author = {Elo, Arpad E},
publisher = {Arco Pub.},
title = {{The rating of chessplayers, past and present}},
year = {1978}
}

@inproceedings{herbrich:trueskill,
  title={Trueskill\texttrademark: A Bayesian skill rating system},
  author={Herbrich, Ralf and Minka, Tom and Graepel, Thore},
  booktitle={Advances in Neural Information Processing Systems},
  pages={569--576},
  year={2006}
}

@inproceedings{trueskill2,
  title={TrueSkill 2: An improved Bayesian skill rating system},
  author={Minka, Tom and Cleven, Ryan and Zaykov, Yordan},
  booktitle={Technical Report},
  year={2018}
}


@inproceedings{avontuur2013player,
author = {Avontuur, Tetske and Spronck, Pieter and {Van Zaanen}, Menno},
booktitle = {AAAI Conference on Artificial Intelligence and Interactive Digital Entertainment (AIIDE)},
title = {{Player Skill Modeling in Starcraft II.}},
year = {2013}
}

@inproceedings{stanescu2011rating,
author = {Stanescu, Marius},
title = {Rating systems with multiple factors},
booktitle = {Master Thesis},
year = {2011},
organization = {School of Informatics, University of Edinburgh},
}

@inproceedings{chen2016modeling,
author = {Chen, Shuo and Joachims, Thorsten},
booktitle = {Proceedings of the Ninth ACM International Conference on Web Search and Data Mining},
organization = {ACM},
pages = {227--236},
title = {{Modeling intransitivity in matchup and comparison data}},
year = {2016}
}

@inproceedings{huang2004generalized,
author = {Huang, Tzu-Kuo and Lin, Chih-Jen and Weng, Ruby C},
booktitle = {Advances in Neural Information Processing Systems},
pages = {601--608},
title = {{A generalized Bradley-Terry model: From group competition to individual skill}},
year = {2004}
}

@article{menke2008bradley,
author = {Menke, Joshua E and Martinez, Tony R},
journal = {Neural Computing and Applications},
number = {2},
pages = {175--186},
publisher = {Springer},
title = {{A Bradley--Terry artificial neural network model for individual ratings in group competitions}},
volume = {17},
year = {2008}
}
