% optimization method for parameter learning
@article{tieleman2012lecture,
  title={Lecture 6.5-rmsprop: Divide the gradient by a running average of its recent magnitude},
  author={Tieleman, Tijmen and Hinton, Geoffrey},
  journal={COURSERA: Neural networks for machine learning},
  volume={4},
  number={2},
  pages={26--31},
  year={2012}
}

% bishop book
@book{bishop2006pattern,
  title={Pattern recognition and machine learning},
  author={Bishop, Christopher M},
  year={2006},
  publisher={Springer}
}

% conditional inference survival ensembles
@article{hothorn2006unbiased,
  title={Unbiased recursive partitioning: A conditional inference framework},
  author={Hothorn, Torsten and Hornik, Kurt and Zeileis, Achim},
  journal={Journal of Computational and Graphical statistics},
  volume={15},
  number={3},
  pages={651--674},
  year={2006},
  publisher={Taylor \& Francis}
}


% association rules
@inproceedings{agrawal1994fast,
  title={Fast algorithms for mining association rules},
  author={Agrawal, Rakesh and Srikant, Ramakrishnan and others},
  booktitle={Proceedings of the 20th International Conference on Very Large Data Bases (VLDB)},
  volume={1215},
  pages={487--499},
  year={1994}
}

% Gradient Boosting Decision Tree
@article{friedman2001greedy,
  title={Greedy function approximation: a gradient boosting machine},
  author={Friedman, Jerome H},
  journal={Annals of Statistics},
  pages={1189--1232},
  year={2001},
  publisher={JSTOR}
}

@article{friedman2000additive,
  title={Additive logistic regression: a statistical view of boosting},
  author={Friedman, Jerome and Hastie, Trevor and Tibshirani, Robert and others},
  journal={Annals of Statistics},
  volume={28},
  number={2},
  pages={337--407},
  year={2000},
  publisher={Institute of Mathematical Statistics}
}

% riot item recommendation
@misc{lol_recomitem,
author={Austen Goslin},
title = {League of Legends items 101},
howpublished = {\url{https://www.riftherald.com/lol-guides/2017/1/6/14147310/lol-items-how-to-guide
}},
note="{Online; accessed Aug, 2018}",
year={2017}
}

% player modeling
@inproceedings{yannakakis2013player,
  title={Player modeling},
  author={Yannakakis, Georgios N and Spronck, Pieter and Loiacono, Daniele and Andr{\'e}, Elisabeth},
  booktitle={Dagstuhl Follow-Ups},
  volume={6},
  year={2013},
  organization={Schloss Dagstuhl-Leibniz-Zentrum fuer Informatik}
}


% pcg procedural content generation
@article{togelius2011search,
  title={Search-based procedural content generation: A taxonomy and survey},
  author={Togelius, Julian and Yannakakis, Georgios N and Stanley, Kenneth O and Browne, Cameron},
  journal={IEEE Transactions on Computational Intelligence and AI in Games},
  volume={3},
  number={3},
  pages={172--186},
  year={2011},
  publisher={IEEE}
}

@article{yannakakis2011experience,
  title={Experience-driven procedural content generation},
  author={Yannakakis, Georgios N and Togelius, Julian},
  journal={IEEE Transactions on Affective Computing},
  volume={2},
  number={3},
  pages={147--161},
  year={2011},
  publisher={IEEE}
}

% recommendation 
@incollection{medler2011using,
  title={Using recommendation systems to adapt gameplay},
  author={Medler, Ben},
  booktitle={Discoveries in gaming and computer-mediated simulations: New interdisciplinary applications},
  pages={64--77},
  year={2011},
  publisher={IGI Global}
}

% personalized adaption
@inproceedings{bakkes2012personalised,
  title={Personalised gaming: a motivation and overview of literature},
  author={Bakkes, Sander and Tan, Chek Tien and Pisan, Yusuf},
  booktitle={Proceedings of the 8th Australasian Conference on Interactive Entertainment: Playing the System},
  pages={4},
  year={2012},
  organization={ACM}
}

% multilabel classification
@article{tsoumakas2007multi,
  title={Multi-label classification: An overview},
  author={Tsoumakas, Grigorios and Katakis, Ioannis},
  journal={International Journal of Data Warehousing and Mining (IJDWM)},
  volume={3},
  number={3},
  pages={1--13},
  year={2007},
  publisher={IGI Global}
}

@inproceedings{zhang2010multi,
  title={Multi-label learning by exploiting label dependency},
  author={Zhang, Min-Ling and Zhang, Kun},
  booktitle={Proceedings of the 16th ACM SIGKDD international conference on Knowledge discovery and data mining},
  pages={999--1008},
  year={2010},
  organization={ACM}
}


% dynamic scripting 
@article{spronck2004online,
  title={Online adaptation of game opponent AI with dynamic scripting},
  author={Spronck, Pieter and Sprinkhuizen-Kuyper, Ida and Postma, Eric},
  journal={International Journal of Intelligent Games and Simulation},
  volume={3},
  number={1},
  pages={45--53},
  year={2004}
}

% tensor factorization
@article{kolda2009tensor,
  title={Tensor decompositions and applications},
  author={Kolda, Tamara G and Bader, Brett W},
  journal={SIAM review},
  volume={51},
  number={3},
  pages={455--500},
  year={2009},
  publisher={SIAM}
}

% expectation propagation
@inproceedings{minka2001expectation,
  title={Expectation propagation for approximate Bayesian inference},
  author={Minka, Thomas P},
  booktitle={Proceedings of the Seventeenth conference on Uncertainty in artificial intelligence},
  pages={362--369},
  year={2001},
  organization={Morgan Kaufmann Publishers Inc.}
}
