% eomm
@inproceedings{chen2017eomm,
  title={EOMM: An Engagement Optimized Matchmaking Framework},
  author={Chen, Zhengxing and Xue, Su and Kolen, John and Aghdaie, Navid and Zaman, Kazi A and Sun, Yizhou and Seif El-Nasr, Magy},
  booktitle={Proceedings of the 26th International Conference on World Wide Web},
  pages={1143--1150},
  year={2017},
  organization={International World Wide Web Conferences Steering Committee}
}

@inproceedings{zhengxing2016player,
  title={Player Skill Decomposition in Multiplayer Online Battle Arenas},
  author={Chen, Zhengxing and Sun, Yizhou and Seif El-Nasr, Magy and Nguyen, Truong-Huy D.},
  booktitle={Meaningful Play},
  year={2016}
}

@book{chen2015analytics,
    address = {Boca Raton, Florida},
    author = {Nguyen, Truong-Huy D. and Chen, Zhengxing and El-Nasr, Magy S.},
    booktitle = {Game AI Pro},
    citeulike-article-id = {13470690},
    editor = {Rabin, Steve},
    keywords = {ai, analytics, based},
    posted-at = {2014-12-28 03:56:24},
    priority = {0},
    publisher = {CRC Press},
    series = {Game AI Pro},
    title = {Analytics-based {AI} {T}echniques for {B}etter {G}aming {E}xperience},
    volume = {2},
    year = {2015}
}

% q deckrec
@INPROCEEDINGS{chenqdeckrec, 
author={Chen, Zhengxing and Amato, Christopher and Nguyen, Truong-Huy D. and Cooper, Seth and  Sun, Yizhou and Seif El-Nasr, Magy}, 
booktitle={2018 IEEE Conference on Computational Intelligence and Games (CIG'18)}, 
title={Q-DeckRec: a Fast Deck Recommendation System for Collectible Card Games}, 
year={2018}, 
volume={}, 
number={}, 
pages={}, 
month={Aug}
}

% draft artist
@inproceedings{chen2018draft,
  title={The Art of Drafting: A Team-Oriented Hero Recommendation System for Multiplayer Online Battle Arena Games},
  author={Chen, Zhengxing and Nguyen, Truong-Huy D. and Xu, Yuyu and Amato, Christopher and Cooper, Seth and Sun, Yizhou and Seif El-Nasr, Magy},
  booktitle={Proceedings of the Twelfth ACM Conference on Recommender Systems},
  year={2018},
  organization={ACM}
}
